3402 5118
338 292 438 339 CLEM.
457 290 537 339 ROM.
558 289 751 340 EPISTULAE
772 291 901 339 EDITAE
922 293 968 339 ET
989 292 1162 341 mannaan.
1287 296 1354 342 XIII

137 463 282 540 Βαρνάβα
296 465 434 540 ἐπιστολή
452 470 655 540 (felas—51⁵).
688 475 712 525 3.
729 471 898 540 Κλήμεντος
915 466 989 542 πρὸς
1005 472 1185 544 Κορινθίους
1198 467 1225 528 α’
1236 473 1291 543 (fol
1309 475 1354 528 dil

136 570 224 624 usque
241 553 277 608 ad
296 557 339 607 71)·
355 553 443 624 med).
477 559 501 610 4.
520 547 689 624 Κλήμεντος
706 549 781 626 πρὸς
798 553 978 624 Κορινθίους
992 549 1020 626 pli
1043 555 1098 626 (iol.
1118 561 1162 611 70·
1178 558 1255 612 med*
1270 575 1354 627 usque

137 638 173 693 ad
192 641 236 692 76·
254 638 343 706 med).
378 643 402 692 5.
420 631 529 708 Διδαχὴ
546 642 607 694 τῶν
624 633 737 695 δώδεκα
755 630 929 694 ἀποστόλων
946 639 1061 708 lichit·
1078 639 1148 694 med.
1160 641 1290 709 usquead
1302 644 1354 710 80),

136 723 255 778 fortasse
273 723 320 778 ille
337 718 458 788 libellus,
476 739 556 792 quern
572 714 725 792 Nicephori'
735 723 919 780 stichometria
935 724 1006 778 inter
1022 724 1093 779 Novi
1110 725 1275 780 Testamenti
1292 743 1354 795 epo·

137 806 241 876 crypha
259 807 352 876 quinte
369 808 428 860 leco
445 807 594 862 recensuit:
623 801 733 876 Διίαχὴ
751 798 927 862 ἀποστόλων
945 809 1039 876 στίχοι
1050 806 1084 883 ,ς’
1106 803 1194 878 [1.·σ’,
1210 807 1228 862 1.
1249 827 1271 863 e.
1290 809 1353 879 001,

136 906 217 959 quem
234 891 290 944 iam
308 889 423 945 edidisse
440 890 508 944 mihi
525 890 617 945 videor
633 891 662 944 in
681 891 762 946 huius
780 893 867 960 operis
884 892 1013 947 fasciculo
1031 892 1078 947 IV.
1097 909 1123 962 p.
1142 895 1267 946 99-106.
1287 896 1310 946 6.
1330 898 1353 946 7.

137 975 291 1042 ignatiam.
326 973 355 1026 in
372 973 426 1028 fine
444 973 544 1028 codicis
561 973 627 1028 haec
645 974 748 1042 scripta
766 977 841 1030 sunt:

206 1048 599 1132 'Ereiaae'Cpppvl'Iovvlqr
618 1050 729 1122 εἰςτὰς
747 1052 784 1114 τά.
813 1047 924 1131 ἡμέραν
939 1058 980 1114 Γ.
997 1051 1064 1113 'lvd
1083 1051 1121 1114 θ’.
1152 1053 1237 1124 ἔτους
1252 1057 1353 1135 ’ςφξιίῖ

137 1141 430 1212 (annemund16564‚
452 1140 569 1196 mundus
588 1144 678 1196 autem
697 1145 803 1198 creatus
821 1159 879 1198 esse
896 1143 1033 1198 ferebatur
1050 1143 1075 1199 d
1093 1145 1115 1199 Ι.
1142 1161 1178 1198 m.
1197 1144 1269 1212 Sept.
1287 1147 1353 1198 5508

137 1229 203 1281 ante
219 1226 282 1281 Chr.
301 1227 346 1293 m).
380 1226 458 1294 χειρί
476 1222 607 1288 Λέοντος
625 1228 764 1297 νοταρίσυ
781 1226 831 1280 καί
844 1217 971 1282 ἀλείσου.

206 1309 355 1365 Clementis
372 1307 503 1376 epistulas
520 1308 549 1362 in
568 1309 657 1364 codice
674 1309 918 1380 Hierosolymitano
935 1311 1085 1381 Brpenuius
1103 1312 1189 1381 primo
1207 1312 1275 1381 legit
1292 1329 1353 1367 eum
1426 1342 1429 1346 ·

137 1395 272 1449 Dorotheo
289 1391 433 1461 Euelpide,
457 1393 613 1462 Corytaensi
631 1395 813 1463 metropolita,
835 1397 895 1450 tum
918 1411 1015 1464 magno
1037 1396 1233 1465 protospncello
1252 1397 1355 1451 Christi

138 1495 253 1548 magnae
276 1477 416 1542 ecelesiae,
447 1477 504 1547 ipse
526 1478 633 1547 egregia
655 1479 746 1534 edidit.
786 1479 903 1534 codicem
928 1495 990 1533 vero
1013 1479 1288 1548 Hierosolymitauum
1310 1481 1354 1550 (I),

138 1561 262 1631 quamvis
280 1562 424 1630 optimum,
444 1561 595 1631 Brpennius
613 1563 670 1632 ipse
687 1579 741 1618 non
759 1563 856 1632 ubique
875 1564 984 1617 secutus
1001 1564 1051 1628 est,
1070 1579 1151 1632 saepe
1167 1565 1296 1633 praelatis
1314 1581 1354 1619 co·

139 1647 207 1701 dicis
226 1645 401 1701 Alexandrini
419 1646 465 1714 (A)
482 1645 649 1700 lectionibus.
681 1647 774 1716 itaque
786 1646 934 1702 Clementis
949 1646 1064 1702 Romani
1081 1648 1211 1718 epistrdae
1228 1650 1285 1703 iam
1302 1665 1354 1704 nen

137 1733 246 1786 tantum
264 1747 295 1785 er
311 1729 359 1784 illo
378 1729 468 1784 codice
486 1723 658 1799 supplendae,
677 1730 824 1786 sedetiam
842 1747 874 1786 ex
890 1733 1003 1799 utreque
1021 1729 1110 1784 codice
1127 1730 1244 1788 edendae
1262 1735 1333 1788 sunt.
1364 1728 1367 1734 ’

182 2025 184 2033 ,
215 1983 240 2037 L
273 1982 320 2037 DE
340 1970 542 2038 cinomanna
560 1933 702 2038 nomam
718 1981 903 2038 amessias
921 1981 1038 2037 EDITIS
1055 1981 1100 2036 ET
1117 1981 1280 2040 ananam.

207 2151 354 2207 Clementis
371 2150 491 2205 Romani¹
504 2151 636 2220 epistulas
652 2151 756 2221 primus
775 2151 860 2206 edidit
871 2149 1006 2206 Patricius
1022 2149 1117 2204 Iunius
1125 2151 1153 2220 ¹),
1172 2149 1219 2220 qui
1236 2149 1354 2205 codicem

138 2237 229 2305 ipsum
247 2234 410 2300 fidelissime,
428 2237 559 2304 quantum
577 2236 636 2290 fieri
654 2236 752 2304 possit,
776 2235 934 2305 exprimere,
959 2234 1071 2289 lacunas
1088 2236 1192 2298 autem,
1216 2233 1310 2303 spatiis
1327 2237 1355 2288 et

135 2319 291 2374 interstitiis
303 2319 505 2374 accuratissime
524 2320 661 2386 dimensis,
679 2320 779 2375 litteris
798 2319 880 2374 minio
897 2317 978 2372 rubro
995 2317 1136 2387 impressis
1151 2317 1276 2386 supplere
1296 2320 1354 2373 stu-

138 2403 205 2458 duit.
242 2402 372 2458 editorem
389 2403 537 2473 prineipem
555 2419 641 2473 neque
658 2405 747 2458 emnia
764 2406 836 2458 recte
858 2402 982 2457 edidisse·
995 2417 1080 2471 neque
1097 2404 1169 2464 recte
1187 2400 1355 2470 supplevisse

138 2488 239 2541 mirum
257 2503 309 2541 non
329 2490 378 2542 est
414 2487 461 2542 sed
479 2487 553 2542 haud
569 2487 702 2543 immerito
719 2488 751 2542 R.
772 2487 804 2542 A.
818 2487 927 2557 Lipsius
934 2488 956 2555 ²)
975 2486 1139 2555 singularem
1153 2484 1267 2539 Patricii
1283 2483 1355 2538 Iunii

139 2573 318 2641 sagacitatem
335 2569 469 2638 laudavit,
492 2587 509 2626 a
532 2571 608 2626 cuius
627 2571 786 2626 coniecturis
804 2572 945 2640 sequentes
968 2568 1083 2625 editores
1105 2585 1158 2633 nen
1179 2568 1233 2622 nisi
1249 2569 1355 2638 paucis-

140 2657 215 2710 simis
233 2655 300 2710 locis
318 2655 498 2712 discesserint.
533 2655 607 2709 Iunii
629 2655 771 2710 editionem
793 2655 902 2725 repetiit
918 2654 1036 2710 Ieaehim
1059 2654 1174 2711 Ioannes
1191 2653 1354 2720 neaeman,

141 2743 250 2795 secutus
268 2739 434 2797 estIoannes
445 2739 584 2807 I'eilius.⁴)
613 2739 757 2795 editionem
774 2739 923 2809 principem
940 2739 1023 2792 etiam
1040 2738 1182 2808 Philippus
1193 2737 1316 2792 Lahheus
1328 2739 1356 2791 et

141 2823 251 2878 Gabriel
268 2823 420 2878 cossartius
437 2823 638 2892 repetieruntl)
673 2838 734 2878 cum
751 2823 781 2876 in
798 2822 913 2877 editione
930 2824 988 2877 tum
1012 2822 1039 2877 io
1062 2823 1284 2892 interpretatione.
1299 2837 1356 2876 rem

140 2908 277 2976 promovit
294 2908 367 2962 leae.
385 2907 464 2977 Bapt.
483 2908 644 2972 Cotelerius,
667 2908 713 2977 qui
735 2907 838 2976 primns
858 2909 962 2962 textum
983 2906 1013 2960 in
1038 2907 1127 2975 capita
1148 2906 1248 2960 divisit
1283 2905 1355 2961 idem

139 2991 241 3060 insigni
257 2991 380 3046 doctrina
395 2993 488 3062 plenas
503 2993 690 3047 adnotationes
703 2990 815 3046 addidit.
821 2993 844 3059 ⁰)
865 2990 978 3045 accessit
989 2989 1069 3044 Pauli
1080 2990 1224 3045 Colomesii
1235 2990 1317 3045 editio
1323 2991 1354 3058 ⁷),

140 3091 221 3144 quem
241 3077 349 3130 secutus
367 3079 409 3132 est
426 3077 543 3131 Thomas
560 3077 710 3145 Ittigius.⁸)
745 3075 860 3132 Coteleri
881 3077 971 3130 autem
994 3072 1139 3129 editionem
1156 3074 1265 3130 iteravit
1278 3073 1356 3128 Ioan-

144 3174 191 3214 nes
209 3159 332 3214 Clericus
351 3161 524 3231 (Autverpiae
543 3164 616 3218 1698.
636 3161 792 3230 1721101.)
1171 3168 1173 3170 ’

210 3398 236 3463 1)
254 3397 401 3478 Clemeptis
419 3396 454 3452 ad
469 3397 624 3482 Corinthies
641 3397 757 3478 epistola
775 3397 855 3518 prior.
888 3413 920 3450 er
937 3396 1033 3476 leceris
1046 3396 1167 3476 reliquiis
1178 3395 1357 3474 vetustissimi

142 3464 1298 3610 attPtttdttt⁰tt⁰nntttatat⁹1..tartidateintratis
1314 3465 1357 3609 ,t

141 3601 336 3679 Fragmentum
355 3601 492 3680 epistolae
522 3600 666 3670 secundae,
694 3617 726 3654 er
752 3600 844 3655 eedem
875 3601 947 3666 Ma,
974 3615 1031 3653 sme
1060 3611 1182 3652 versione
1209 3601 1236 3651 et
1265 3599 1356 3658 notra).

143 3671 243 3722 iterata
261 3669 303 3722 est
320 3667 402 3723 edrtlo
420 3684 444 3722 a.
465 3672 539 3724 1637.

209 3739 236 3802 2)
254 3736 294 3788 De
315 3735 463 3791 Clementis
483 3737 597 3791 Romam
620 3735 735 3805 epistola
756 3734 791 3790 ad
812 3734 965 3790 Corinthios
988 3734 1075 3802 priore
1093 3732 1252 3803 disquisitio.
1281 3732 1355 3800 Lips.

145 3807 401 3938 ¹855231)P⁸C12e'mentis
424 3871 458 3925 ad
480 3871 633 3926 Corinthios
650 3871 765 3992 epistola
782 3869 868 3938 prior,
892 3869 942 3924 hoc
967 3870 1083 3939 primum
1100 3867 1190 3922 seculo
1211 3884 1243 3922 er
1259 3867 1357 3922 laceris

142 3937 254 4017 reliquis
272 3939 451 4018 vetustissimi
468 3940 626 4012 exemplaris
634 3940 667 3993 Bi
686 3939 822 4018 liothecae·
834 3937 1108 4006 Regiaehnglicanae
1127 3939 1212 4015 erpta,
1233 3937 1357 4003 notisque

142 4006 308 4060 illustratae
330 4007 447 4060 Patncio
464 4005 543 4061 Iunio
580 4023 650 4060 nunc
673 4007 757 4060 denuo
782 4006 853 4060 ed1ta
872 4009 898 4060 et
922 4008 1025 4059 asserta
1045 4021 1062 4057 a
1080 4003 1213 4057 loachnno
1239 4003 1358 4057 Iohanne

142 4073 251 4128 Madaro
274 4073 476 4128 Hauuevcrano.
507 4046 675 4130 Helmestadi
695 4077 772 4134 1664.
800 4079 823 4127 4.
854 4072 953 4126 codicis
977 4071 1089 4126 lacunae
1111 4072 1250 4139 suppletae
1272 4071 1357 4124 miuo-

143 4141 217 4195 ribus
234 4141 322 4195 literis
339 4144 447 4196 notatae
465 4145 536 4198 sunt.

210 4211 237 4277 4)
256 4209 329 4263 Ιοοσ.
353 4209 420 4264 Feli.
443 4211 559 4279 priorem
582 4209 726 4278 epistulam
748 4207 833 4262 edidit
858 4211 920 4261 1669
943 4207 1012 4274 (12),
1035 4207 1182 4274 utramque
1204 4205 1357 4259 accuratius

144 4274 207 4330 ibid.
235 4279 299 4330 1677
324 4279 387 4344 (12).
425 4277 537 4332 lacunae
558 4277 697 4346 suppletae
718 4277 774 4330 iam
798 4275 903 4329 uncinis
920 4274 1053 4342 inclusae,
1075 4273 1165 4342 capita
1189 4273 1358 4328 Cotelcriaua

146 4346 348 4479 receiiairiugg.
365 4411 546 4466 Consiliorum
563 4413 646 4467 Teme
664 4411 685 4465 Ι.
704 4411 782 4466 Paris
802 4413 876 4466 1671.
893 4409 939 4464 tol.

211 4481 239 4548 6)
256 4479 380 4543 Petrum,
399 4481 445 4548 qui
461 4480 627 4548 temporibus
645 4479 834 4549 Apostolorum
853 4477 1010 4542 floruerunt,
1028 4493 1116 4546 opera.
1139 4477 1212 4530 Tem.
1231 4476 1253 4529 Ι.
1271 4475 1356 4528 Paris.

148 4547 374 4682 ¹672'Cfolrl'ondiui
394 4618 466 4669 1687.
487 4617 559 4670 1694.
579 4619 594 4669 6
612 4587 677 4669 miri.

212 4685 239 4749 8)
257 4682 425 4737 Bibliotheca
442 4684 550 4752 patrum
566 4681 769 4752 graeco-latina.
792 4680 866 4750 Lips.
887 4684 959 4737 1699.
979 4686 1002 4736 8.
