3402 5118
348 274 386 324 v1
530 239 532 246 ’
648 271 908 323 recensendus
930 274 978 321 nn
998 272 1075 322 nov.
1099 272 1245 321 rnsrrn.

348 453 467 521 dicitur
488 453 628 543 epistula
650 454 740 540 prior
762 453 805 520 ad
827 452 1012 521 Corinthios
1033 449 1166 522 Petrum
1188 453 1380 521 etPaulum
1401 453 1498 520 simul
1513 477 1563 520 ce·

347 571 489 638 lebravit
514 570 675 658 Paulique
706 559 890 638 doctrinam
911 573 959 637 ita
983 573 1157 658 mitigavit,
1182 581 1219 638 ut
1246 571 1450 638 iudaicantes
1471 571 1563 640 Ohri·

349 688 446 755 stiani
462 709 527 754 non
548 687 795 754 offenderentur.
818 689 861 754 ad
881 688 968 756 hunc
990 675 1119 756 cursum
1133 688 1294 756 catholica
1308 665 1423 754 classis
1444 711 1482 755 eo
1496 712 1562 756 ma·

347 807 400 893 gis
422 804 634 892 dirigebatur,
657 827 720 893 quo
735 807 841 892 magis
862 805 1016 894 procellis
1032 805 1198 873 Gnostiois
1213 804 1428 872 iactabantur.
1454 807 1563 894 itaque

348 922 391 990 ad
412 922 502 989 Petri
523 929 766 1010 ceterorumque
796 921 1017 1011 apostolorum
1047 931 1079 988 et
1105 921 1203 989 Pauli
1228 922 1397 1009 gentilium
1422 923 1564 1010 apostoli

348 1061 464 1127 pacem
486 1038 757 1127 concordiamque
782 1039 868 1105 Novi
890 1039 1092 1106 Testamenti
1120 1061 1226 1104 canon
1250 1037 1469 1125 redigebatur.
1506 1039 1564 1106 sed

347 1156 406 1222 illa
427 1155 542 1222 classis
564 1156 620 1221 diu
641 1157 764 1222 iactata
783 1155 916 1222 tandem
936 1164 1040 1221 tutum
1062 1165 1191 1244 portum
1211 1165 1360 1222 assecuta
1380 1165 1437 1223 est.
1460 1179 1564 1243 neque

349 1275 457 1341 omnia
468 1295 545 1339 vero
557 1275 692 1360 navigia
706 1273 833 1362 ,quibus
847 1283 974 1339 veteres
989 1273 1150 1340 Catholici
1163 1272 1372 1354 vehebantur,
1386 1276 1421 1338 in
1435 1265 1564 1361 portum

349 1399 574 1478 pervenerunt,
595 1412 699 1478 neque
719 1390 936 1457 occidentales
958 1400 990 1456 et
1005 1390 1177 1457 orientales
1196 1413 1297 1456 naves
1313 1390 1411 1478 plane
1425 1390 1563 1487 eundem

350 1529 480 1574 cursum
500 1515 680 1574 tenuerunt
1172 1569 1174 1574 .

432 1624 472 1690 In
486 1623 642 1690 eoadem
663 1623 819 1698 Irenaeus
840 1623 1166 1704 erchanmar,
1188 1628 1207 1690 2
1229 1623 1373 1690 Hermae
1393 1623 1563 1690 Pastorem

350 1751 517 1830 tamquam
540 1759 668 1808 sacram
691 1743 886 1829 scripturam
911 1740 1066 1808 laudavit.
1107 1733 1252 1827 aequalis
1273 1740 1338 1825 ille,
1362 1742 1456 1807 ¹cuius
1476 1741 1563 1828 frag-

348 1867 491 1930 mentum
512 1859 549 1925 L.
570 1857 609 1923 A.
631 1857 830 1924 Muratorius
852 1858 977 1945 primns
1000 1856 1109 1938 edidit,
1131 1859 1312 1945 scripturae
1335 1879 1449 1924 sacrae
1471 1881 1564 1924 cano·

348 1998 422 2041 nem
437 1999 458 2041 a
470 1976 620 2042 Romana
640 1974 777 2040 ecclesia
792 1983 959 2062 receptum
973 1973 1156 2062 descripsit.
1182 1972 1357 2040 barbaram
1371 1975 1564 2042 latinitatem

350 2093 520 2159 emendavi
538 2101 571 2158 et
588 2114 706 2178 graeco
725 2091 865 2156 sermoni
879 2091 1008 2156 reddidi
1029 2090 1127 2172 (Einl.
1148 2093 1182 2157 in
1204 2091 1233 2157 d.
1253 2092 1294 2157 N.
1318 2091 1356 2156 Τ.
1379 2115 1410 2179 p.
1431 2097 1472 2160 93
1495 2099 1564 2179 sq.).

349 2209 396 2276 ibi
416 2219 547 2298 praeter
567 2207 700 2275 Ioannis
721 2207 949 2296 Apocalypsin
978 2209 1078 2288 etiam
1100 2208 1191 2274 Petri
1222 2209 1432 2296 apocalypsis
1453 2231 1564 2297 quam·
1586 2280 1588 2285 .

348 2329 400 2393 vis
422 2349 442 2393 a
462 2326 624 2393 nonnullis
646 2325 712 2390 iam
734 2325 910 2412 reprobata
931 2333 964 2390 ct
976 2324 1120 2390 Hermae
1139 2325 1266 2409 Pastor,
1286 2325 1418 2412 publico
1434 2326 1564 2415 quidem

348 2466 409 2508 usu
434 2444 549 2520 vetito,
578 2451 786 2508 recensentur
809 2441 843 2522 (l.
863 2443 1008 2522 ‘ll—80).
1044 2440 1080 2507 id
1100 2442 1187 2529 quod
1217 2465 1283 2508 non
1302 2452 1422 2513 temere
1443 2443 1566 2509 factum

349 2581 422 2625 esse
449 2581 581 2642 „versus
609 2560 843 2646 scripturarum
872 2562 1075 2624 sanctarum“
1104 2557 1209 2626 codici
1235 2559 1488 2627 Olaromontanc
1510 2561 1565 2626 ad·

321 2725 322 2730 1
350 2676 419 2756 diti,
439 2676 516 2741 inde
537 2677 572 2740 in
595 2675 739 2741 codicem
763 2675 1077 2762 sangermanensem
1105 2677 1293 2764 transcripti
1322 2676 1454 2760 docent,
1485 2700 1565 2766 quos

350 2791 531 2859 Oredncrus
551 2792 729 2859 Africanae
746 2783 903 2873 ecclesiae
923 2792 1044 2858 sacculi
1059 2792 1120 2858 ΠΙ.
1140 2815 1295 2860 canonem
1311 2795 1476 2860 continere
1495 2817 1565 2861 cen·

350 2911 422 2975 suit.
443 2932 520 2976 nam
534 2909 581 2974 ibi
596 2918 671 2996 post
684 2907 859 2987 Barnabae
874 2909 1044 2997 epistulam
1059 2912 1125 2990 (ie.
1135 2909 1307 2998 epistulam
1322 2910 1364 2975 ad
1374 2909 1567 2996 Hebraeos),

267 3073 270 3079 -
349 3027 487 3125 Ioannis
504 3026 745 3105 revelationem,
767 3024 869 3092 Actus
891 3023 1112 3114 apostelorum
1132 3028 1238 3094 ultimi
1259 3027 1480 3094 recensentur}

495 3211 496 3216 ,
558 3144 707 3210 Pastoris
729 3145 816 3210 versi
879 3197 881 3202 ,
977 3133 1049 3210 ΠΙ
1070 3144 1239 3226 [emutuit
1380 3202 1383 3206 .

560 3259 664 3326 Actus
677 3260 782 3326 Pauli
819 3329 821 3332 ,
892 3283 958 3328 ver.
980 3249 1129 3328 ΠΗ
1151 3257 1382 3342 [MMMDLXl.

557 3377 726 3442 Revelatio
748 3353 843 3443 Petri
889 3399 956 3444 ver.
978 3377 1175 3445 OOLXXX.

431 3494 470 3587 In
491 3493 608 3559 cra’eate
623 3493 772 3560 Clemens
793 3493 1034 3560 Alexandrinus
1049 3495 1223 3560 Barnabae
1241 3496 1413 3583 epistulam
1429 3506 1460 3562 et
1475 3497 1565 3562 Petri

349 3610 566 3698 apocalypsin
587 3611 672 3676 tanti¹
691 3612 899 3694 aestumavit,
924 3621 959 3676 ut
986 3612 1021 3676 in
1046 3610 1307 3699 Hypotyposeon
1337 3612 1429 3679 libris
1452 3614 1564 3701 deper-

255 3763 257 3768 .
349 3727 434 3809 ditis,
455 3725 572 3814 quibus
593 3729 626 3793 in
647 3737 820 3817 utrumque
845 3728 1087 3794 Testamentum
1104 3738 1336 3794 commentatus
1352 3739 1409 3810 est,
1430 3753 1471 3795 ne
1485 3731 1566 3796 haec

349 3845 480 3932 quidem
502 3841 625 3933 scripta
646 3846 902 3932 praetermiserit
924 3845 976 3923 (cf.
993 3843 1113 3911 Euseb.
1126 3845 1199 3911 HE.
1214 3845 1270 3923 VI,
1288 3853 1393 3928 14,-1).
1413 3857 1565 3934 magnam

348 3962 479 4026 omnino
502 3962 727 4028 auctoritatem
754 3962 867 4054 tribuit
892 3962 1066 4028 Barnabae
1087 3961 1263 4050 „apostoli‘
1292 3963 1466 4050 epistulae,
1496 3965 1565 4032 Cle·
1667 3997 1670 4006 ·

347 4079 464 4142 mentis
484 4079 624 4144 Romani
651 4079 809 4167 epistulae
837 4080 939 4167 priori
964 4079 1007 4145 ad
1029 4078 1230 4164 Corinthios,
1256 4079 1399 4146 Hermae
1421 4082 1565 4166 Pastori3

349 4197 447 4260 etiam
467 4197 645 4283 evangeliis
669 4196 846 4271 secundum
866 4195 1047 4276 Hebraeos,
1071 4197 1249 4264 secundum
1262 4194 1566 4285 Aegyptios'Petri

349 4313 607 4406 praedicatione,
638 4313 796 4398 Matthiae
831 4313 1062 4381 traditionibus
1095 4337 1172 4380 usus
1185 4401 1187 4404 Ι
1201 4324 1264 4380 'est
1306 4314 1479 4402 Origenes,
1511 4317 1566 4403 qui

349 4430 435 4495 Novi
457 4430 658 4496 Testamenti
677 4427 722 4492 τὰ.
742 4423 992 4514 ὁμολογούμενα
1014 4409 1046 4496 et
1066 4427 1106 4493 τὰ
1128 4422 1411 4515 ἀμφιβαλλόμενα
1432 4435 1498 4499 iarn
1514 4453 1565 4518 ac-

350 4549 492 4612 curatius
515 4547 715 4635 distinguere
735 4547 851 4646 voluit⁸
870 4556 998 4636 praeter
1020 4556 1158 4632 quatuor
1178 4548 1348 4635 evangelia
1370 4551 1526 4616 canonica
1546 4572 1566 4614 a

347 4672 416 4728 tota
438 4664 575 4729 ecclesia
595 4674 728 4756 recepta
753 4687 817 4736 non
843 4666 1037 4751 contempsit
1059 4665 1265 4752 evangelium
1294 4667 1473 4734 secundum
1500 4666 1564 4734 He-
