3402 5118
438 306 630 356 onunuarrs
650 307 724 354 ner.
747 307 852 358 onrco
874 309 919 355 nn
940 308 1095 356 rumonus.
1142 283 1144 288 ’
1271 284 1374 363 >cxxv

153 487 292 556 praefatus
309 487 404 542 estad
421 486 615 542 Gaudentium:
642 486 776 556 „Quidam
797 488 868 542 enim
886 488 1039 558 requirunt,
1061 490 1193 558 quomodo
1210 507 1271 546 cum
1288 495 1373 552 Linus

153 574 181 626 et
198 572 298 627 Cletns·
310 573 338 628 iu
357 571 423 643 urbe
439 572 526 626 Roma
543 575 606 626 ante
624 573 788 627 Clementem
804 574 875 626 huno
896 572 997 628 fuerint
1016 573 1146 644 episcopi,
1169 577 1227 645 ipse
1250 578 1374 635 Clemens

152 655 187 710 ad
202 658 331 712 Iacobum
349 657 467 711 scribens
485 657 629 728 sibidicat
645 673 662 712 a
678 658 759 712 Petro
778 657 889 712 docendi
901 657 1056 713 cathedram
1072 659 1210 716 traditam.
1244 663 1321 719 cuius
1332 666 1373 719 rei

152 743 222 797 hanc
241 741 393 811 accepimus
410 743 551 807 rationem,
568 742 640 811 quod
656 742 741 797 Linus
758 745 786 797 et
803 743 896 798 Cletns
913 743 1023 798 fuerunt
1043 743 1152 812 quidem
1169 749 1232 801 aute
1249 744 1371 803 Clemen-

151 830 207 881 tem
225 826 344 895 episcopi
362 828 390 881 in
408 827 473 882 urbe
490 829 589 895 Roma,
612 827 659 882 sed
677 829 822 897 superstite
837 828 931 894 Petro,
952 827 1077 884 videlicet
1094 833 1126 884 nt
1142 829 1184 886 illi
1201 831 1371 902 episcopatus

152 927 244 966 curam
261 914 392 979 gererent,
410 911 468 980 ipse
484 928 546 967 vero
564 915 732 982 apostolatus
749 913 873 982 imploret
889 913 1035 980 negotium,
1054 913 1125 968 sicut
1135 915 1278 970 invenitur
1288 917 1370 970 etiam

151 995 223 1064 apud
241 995 401 1050 Caesaream
417 998 526 1064 iecisse,
550 997 595 1051 ubi
617 1013 679 1052 cum
701 999 759 1068 ipse
781 1001 853 1052 esset
874 1014 1010 1066 praesens,
1033 999 1182 1054 Zachaeum
1198 1003 1290 1056 tamen
1308 1019 1325 1056 a
1342 1019 1371 1057 se
1429 1014 1431 1018 '

151 1079 305 1138 ordinatum
322 1081 439 1136 habebat
456 1084 618 1152 episcopum,
636 1086 663 1136 et
680 1080 730 1136 hoc
747 1083 825 1137 modo
848 1085 990 1151 utrumque
1011 1099 1104 1138 verum
1126 1084 1274 1154 videbitur,
1295 1089 1327 1141 ut
1343 1090 1371 1141 et

150 1163 193 1218 illi
210 1167 275 1219 ante
291 1165 456 1220 Clementem
473 1169 648 1220 numerentur
664 1166 790 1234 episcopi,
809 1169 838 1220 et
855 1165 977 1220 Clemens
994 1169 1085 1221 tamen
1102 1170 1164 1236 post
1180 1169 1284 1224 obitum
1296 1170 1371 1224 Petri
1419 1175 1422 1178 '

151 1247 264 1302 docendi
280 1251 429 1318 susceperit
446 1249 563 1304 sedem“.
571 1252 591 1317 1)
1252 1271 1253 1274 ¹

216 1350 271 1403 per.
289 1335 454 1389 Clementem
474 1335 600 1390 turbatus
621 1335 803 1390 Romanorum
824 1333 1008 1404 episcoporum
1030 1335 1278 1406 antiquissimorum
1307 1337 1370 1392 ordo

149 1417 227 1471 nobis
245 1434 299 1472 non
317 1419 523 1488 componendus,
541 1419 588 1474 sed
605 1419 804 1488 cognoscendus
821 1422 870 1473 est.
905 1423 1006 1474 certum
1023 1413 1116 1474 autem
1137 1420 1225 1475 locum
1248 1425 1275 1477 et
1296 1423 1370 1492 qnie-

68 1507 69 1510 ’
149 1505 208 1556 tum
227 1503 353 1567 Clemens
370 1520 507 1574 nunquam
524 1505 650 1572 inveniet,
668 1506 721 1559 nisi
737 1505 864 1559 reductus
881 1505 916 1559 ad
934 1505 1099 1561 Clementem
1115 1506 1283 1560 consularem
1300 1524 1324 1561 a.
1337 1511 1369 1562 96

149 1589 260 1642 ineunte
277 1589 477 1659 interemptum.
512 1591 583 1644 hunc
600 1591 734 1658 insignem
751 1591 851 1655 rmum,
874 1587 906 1654 ἐς
925 1583 962 1645 τὰ
985 1594 1044 1644 τῶν
1063 1581 1217 1645 Ἰουδαίων
1234 1585 1288 1659 ra,
1306 1589 1370 1656 ἑξο-

148 1669 300 1735 κίλλουτα,
318 1671 486 1728 iudaizantos
503 1674 650 1729 Christiani
667 1675 782 1729 Romani
803 1678 943 1742 tamquam
964 1674 1039 1728 Petri
1060 1673 1176 1744 apostoli
1198 1674 1369 1744 discipulum,

150 1755 276 1809 comitem
293 1759 321 1810 et
337 1773 518 1812 successorem
536 1757 715 1814 celebrabant.
1367 1809 1368 1813 ,

215 1839 272 1893 iam
283 1840 400 1895 Hermae
416 1842 515 1896 Pastor
531 1843 587 1896 Vis.
600 1843 637 1908 II,
654 1847 670 1896 4
689 1860 715 1911 p.
729 1845 767 1907 12,
787 1846 801 1895 λ
815 1859 853 1910 sq.
883 1839 1058 1906 Clementem,
1077 1843 1122 1897 oui
1132 1844 1268 1898 Romanae
1286 1844 1368 1909 ecclef

149 1921 202 1976 siae
221 1922 308 1978 libros
325 1925 361 1978 ad
377 1928 517 1980 extraneas
531 1927 656 1981 civitates
673 1927 780 1981 mittere
792 1927 882 1992 liceat,
900 1929 962 1981 ante
975 1928 1048 1996 ipsos
1058 1927 1227 1996 presbyteros
1240 1928 1367 1982 ecclesiae

119 2011 123 2022 ’
147 2008 298 2076 praefectos
324 2012 481 2065 nominavit.
519 2013 559 2066 ita
581 2013 703 2074 Clemens
726 2013 867 2082 episeopus
889 2012 1003 2081 quodam
1022 2011 1100 2066 modo
1122 2015 1196 2066 ortus
1218 2015 1267 2066 est.
1307 2011 1367 2066 Cle-

146 2094 230 2168 menti
249 2095 390 2162 supposita
407 2096 524 2165 epistula
540 2095 575 2149 ad
592 2095 719 2151 Iacobum
737 2099 800 2151 ante
817 2097 1022 2166 Recognitiones
1039 2099 1067 2150 et
1078 2095 1212 2150 Homilias
1224 2112 1285 2150 enm
1297 2098 1367 2148 tam·

147 2193 227 2245 quam
249 2177 327 2232 Petri
352 2180 438 2247 ipsius
460 2197 637 2235 successorem
665 2183 720 2235 ianr
748 2199 851 2236 summa
877 2181 995 2251 episcopi
1020 2181 1182 2234 anctoritate
1203 2179 1366 2248 presbyteris

39 2317 43 2340 ι
146 2263 304 2330 praeposuit
325 2265 352 2316 et
372 2265 515 2331 gentilium
536 2279 584 2333 per
600 2265 711 2320 Petrum
733 2269 899 2320 servatorum
921 2267 1037 2335 optimas
1061 2264 1197 2333 primitias
1220 2263 1366 2332 appellavit

146 2347 178 2411 (c.
201 2349 237 2411 3).
273 2345 345 2414 quod
368 2347 492 2402 Clemens
517 2351 607 2403 autem
633 2349 715 2405 etiam
737 2349 818 2404 Pauli
843 2349 992 2416 discipulus
1014 2349 1110 2413 femur,
1133 2363 1164 2401 ex
1185 2348 1236 2401 hac
1257 2346 1365 2400 demum

146 2430 272 2498 epistula,
291 2447 358 2499 quae
375 2431 456 2486 Pauli
465 2432 623 2488 ¹doctrinam
641 2435 764 2503 quamvis
781 2434 934 2502 mitigatam
951 2434 1101 2502 profitetur,
1119 2435 1208 2486 ortum
1222 2447 1280 2485 esse
1292 2430 1365 2484 vide-

145 2515 228 2581 tur2).
266 2515 304 2568 'ta
320 2518 375 2569 iam
392 2518 518 2572 Irenaens
536 2519 595 2573 adv.
613 2519 686 2573 haer.
703 2520 754 2587 IH,
768 2525 793 2582 3,
807 2523 835 2572 3:
852 2511 927 2586 μετὰ
943 2521 1050 2572 τοῦτον
1067 2518 1249 2583 (Anacletum)
1260 2513 1293 2570 δὲ
1305 2517 1367 2585 τρί-

144 2615 185 2671 τῳ
203 2592 288 2670 τόπῳ
306 2591 365 2654 ἀπὸ
384 2605 444 2656 τῶν
461 2595 636 2658 ἀποστόλων
653 2597 705 2674 τὴν
721 2598 883 2672 ἐπισκοπὴν
898 2593 1056 2673 κληροῦταί
1072 2595 1196 2671 Κλήμης,
1216 2590 1232 2653 ὁ
1248 2601 1299 2653 καί
1312 2593 1366 2654 ἑω-

145 2680 246 2750 ρακὼς
263 2683 332 2748 τοὺς
348 2688 512 2757 μακαρίους
533 2680 716 2752 ἀποστόλους
736 2690 786 2743 καί
804 2683 1010 2758 συμβεβληκὼς
1033 2677 1133 2749 αὐτοῖς
1153 2686 1203 2739 καί
1222 2679 1266 2740 ἔτι
1284 2678 1366 2738 ἔναυ-

143 2766 195 2819 λον
212 2759 249 2822 τὸ
266 2761 399 2839 κήρυγμα
420 2775 481 2826 τῶν
505 2763 680 2828 ἀποστόλων
695 2775 745 2828 καί
766 2767 819 2842 τὴν
839 2766 1005 2841 παράδοσιν
1023 2765 1082 2842 πρὸ
1099 2767 1263 2837 ὀφθαλμῶν
1280 2763 1364 2837 ἔχων.
1393 2821 1394 2824 ,

146 2850 275 2920 Origenes
295 2855 330 2922 (v.
347 2872 428 2924 supra
443 2873 469 2926 p.
478 2858 583 2913 XXVII
600 2860 651 2928 sq.)
669 2859 834 2913 Clementem
853 2873 906 2911 non
923 2860 1030 2911 tantum
1048 2855 1230 2924 apostolorum
1248 2853 1366 2922 discipu-

146 3139 272 3206 coronati,
291 3139 374 3194 Linus
392 3143 419 3194 et
437 3141 530 3195 Cletns
547 3157 595 3210 per
612 3140 747 3195 duodenos
765 3157 848 3195 annos
865 3156 974 3194 munere
987 3137 1074 3193 iuncti
1086 3139 1221 3206 dicuntur,
1240 3137 1363 3192 Clemens

144 3204 227 3272 igitur
243 3205 299 3260 fere
318 3224 341 3260 a.
360 3214 392 3264 88
410 3209 439 3261 in
457 3209 612 3264 cathedram
629 3209 778 3262 Romanam
795 3209 945 3262 escendisse
965 3209 1086 3276 putatur.
1250 3271 1256 3284 .
1378 3247 1380 3252 .

211 3275 237 3339 1)
256 3275 348 3343 itaque
364 3275 477 3331 Rufinus
496 3277 579 3331 etiam
595 3276 624 3328 in
643 3277 711 3330 libro
730 3276 762 3330 de
780 3275 975 3330 adulteratione
1000 3274 1128 3329 librorum
1148 3272 1271 3341 Origenrs
1290 3274 1363 3340 (post

143 3340 267 3411 Origenis
287 3341 404 3410 Operum
421 3343 461 3398 ed.
479 3344 563 3400 Ruae.
582 3344 611 3397 Τ.
629 3344 676 3399 IV.
695 3362 719 3412 p.
739 3347 780 3408 50,
801 3344 873 3413 apud
890 3344 1082 3412 Hieronymum
1100 3341 1160 3395 adv.
1173 3339 1313 3418 Rnifinum
1324 3339 1363 3406 H,

144 3413 183 3477 17,
201 3410 270 3478 Opp.
289 3411 326 3476 Π,
346 3413 419 3478 boib
437 3411 771 3480 „Clemensapostolorum
784 3411 939 3480 discipulus,
955 3413 1001 3479 qui
1013 3411 1149 3464 Romanae
1163 3408 1290 3461 ecclesiae
1301 3410 1363 3475 post

142 3478 279 3545 apostolos
297 3479 437 3548 episcopus
455 3482 482 3533 et
499 3484 602 3547 martyr
618 3479 697 3535 tuit‘.
1340 3543 1346 3553 ,

208 3546 234 3612 2)
254 3559 326 3613 quac·
339 3547 389 3600 hac
408 3545 440 3600 de
456 3563 486 3600 re
503 3547 557 3600 iam
575 3546 690 3600 disserui
708 3547 830 3616 (apostol.
851 3547 933 3600 thcr
948 3561 975 3612 p.
995 3548 1027 3600 95
1047 3545 1105 3611 sd),
1124 3543 1284 3610 impugnata
1301 3557 1360 3609 qur-

141 3612 201 3667 dem
220 3616 285 3667 sunt
302 3629 319 3668 a
335 3614 426 3682 Lipsio
444 3615 462 3668 l.
480 3615 499 3669 l.
517 3632 544 3684 p.
564 3612 611 3668 1'66
631 3630 670 3682 sq.
689 3617 716 3668 et
733 3615 877 3668 Volkmaro
896 3613 988 3682 (theol.
1000 3611 1092 3668 Jahrb.
1107 3615 1178 3689 let.
1198 3627 1224 3678 p.
1238 3613 1287 3664 297
1301 3611 1362 3677 su),

141 3681 187 3735 sed
204 3698 259 3735 non
276 3681 406 3745 refutata,
431 3683 464 3735 cf.
487 3699 555 3751 quas
575 3681 701 3750 respondi
722 3682 861 3748 (Zeitschr.
885 3682 904 3735 f.
927 3681 998 3734 wiss.
1017 3678 1160 3746 Theologne
1181 3677 1318 3756 ¹⁸58·.IV:
1336 3693 1362 3745 p.

141 3755 189 3808 589
209 3751 269 3818 sq.).
303 3749 496 3818 Petropaulina
517 3749 549 3803 de
568 3749 704 3804 Clemente
720 3748 832 3804 traditio
854 3749 983 3803 facillime
1005 3747 1149 3824 derivatur·
1162 3761 1194 3798 ex
1211 3747 1362 3812 antiquiore

139 3818 261 3886 Petrina,
280 3816 324 3870 cui
342 3821 451 3885 propter
467 3817 554 3884 ipsam
573 3817 717 3884 epistulam
736 3817 869 3872 Clementi
890 3815 1053 3883 adscriptam
1070 3813 1152 3868 Panlr
1173 3813 1265 3892 schola
1281 3810 1361 3890 adda·

139 3887 230 3940 batur.
264 3883 299 3938 ad
316 3884 385 3938 hano
404 3884 553 3953 opinionem
571 3884 779 3938 confirmandam
797 3885 867 3938 Phil.
885 3884 959 3948 1v‚3
980 3880 1164 3936 adhibebatur.
1199 3882 1362 3960 1taqne21am

138 3955 268 4008 Irenaens
285 3951 343 4006 adv.
363 3951 434 4006 haer.
452 3952 503 4017 ΙΙΙ,
522 3957 545 4019 3,
564 3956 591 4006 3:
614 3949 731 4020 Κλήμης
753 3944 769 4006 ὅ
790 3953 840 4006 καί
862 3945 1004 4032 ἑωρακὼς
1026 3948 1094 4030 ρους
1110 3948 1274 4027 μακαρίους
1291 3963 1362 4000 απο-

139 4023 265 4082 στόλοπς
282 4020 333 4073 καί
350 4015 557 4090 συμβεβληκὼς
574 4011 675 4080 αὐτοῖς
691 4020 741 4074 καί
760 4012 802 4074 ἔτι
817 4013 940 4074 ἔναυλον
957 4035 992 4072 το
1004 4034 1137 4086 κηρυγμα
1154 4019 1214 4069 τῶν
1234 4014 1361 4093 αποστιί-

138 4091 199 4144 λων
215 4089 267 4142 καί
284 4080 336 4155 τὴν
353 4080 517 4157 παράδοσιν
534 4080 593 4157 πρὸ
610 4085 777 4154 ὀφθαλμῶν
795 4083 878 4166 ἔχων.
913 4084 1046 4140 Eusebius
1063 4084 1121 4138 ΗΕ.
1139 4084 1173 4150 V,
1196 4085 1234 4161 λλ,
1254 4089 1265 4135 1
1286 4082 1361 4150 Κλη-

137 4175 193 4227 μης
210 4153 438 4224 (Alexandrinus),
458 4144 611 4222 ὁμώνυμος
627 4158 670 4226 τῷ
682 4155 772 4208 πολλοι
788 4157 838 4222 τῆς
862 4155 1007 4221 Ρωμαίων
1018 4151 1171 4230 ἐκκλησίας
1188 4146 1361 4222 ηγησαμίνῳ

138 4227 266 4293 φοιτητῇ
283 4226 343 4276 τῶν
361 4213 545 4276 οἷποστόλωυ.
581 4225 673 4276 contra
690 4221 801 4278 Petrina
818 4221 930 4276 traditio
948 4219 1063 4290 propriis
1081 4217 1194 4286 pedibus
1206 4220 1263 4285 stat
1275 4233 1360 4286 neque

138 4295 236 4348 nititur
254 4291 340 4359 ipsius
358 4289 490 4358 epistulae
507 4289 688 4344 fundamento.
724 4291 842 4342 ceterum
859 4288 969 4342 minime
986 4303 1063 4355 nego,
1082 4286 1361 4363 Clementem-eonsu-

137 4363 222 4416 larem
249 4359 330 4412 etiam
358 4373 376 4410 a
397 4357 513 4411 Paulina
534 4358 646 4411 ecelesia
668 4358 789 4411 Romana
811 4355 975 4410 celebratum
999 4371 1065 4408 esse.
1104 4353 1226 4407 Haielius
1252 4352 1360 4421 qurdem

138 4433 284 4495 utrumque
303 4424 477 4492 Clementem,
495 4426 653 4479 Romanum·
664 4428 697 4479 et·
708 4425 917 4544 Philippensem,
935 4423 976 4477 ita
987 4422 1148 4490 coniungere
1159 4421 1253 4500 uoluit,
1271 4423 1303 4473 ut
1314 4420 1360 4474 ille

137 4495 275 4564 Philippis
292 4495 373 4546 natus
391 4493 435 4548 sit.
489 4509 551 4546 uam
570 4494 731 4546 sententiam
749 4491 781 4546 de
793 4492 869 4546 endit
886 4490 1047 4546 Phitotheus
1061 4491 1212 4558 Brpennrus
1229 4487 1359 4557 (prolegg.

138 4569 196 4619 σελ.
215 4560 254 4631 5έ
271 4579 297 4614 κ.
316 4577 340 4614 τ.
360 4553 403 4626 ὲ).
439 4510 488 4614 καί
504 4556 534 4615 ol
555 4557 771 4629 ἐπισκοφοβίαυ
795 4557 958 4637 πάσχοντες
982 4560 1044 4611 τῶν
1072 4553 1362 4626 Διαμαρτυρομένωυ
1387 4628 1391 4634 Ι

138 4635 208 4698 (cat.
226 4623 281 4696 ξς’)
299 4644 353 4682 non
370 4628 546 4682 consentient.
580 4627 623 4682 vir
639 4625 806 4682 clarissimus
822 4629 885 4698 post
902 4626 1000 4680 Linum
1018 4628 1046 4680 et
1061 4625 1222 4682 Anacletum
1240 4623 1360 4677 Clemen-

137 4703 192 4754 tem
210 4698 366 4779 episcopum
383 4695 484 4750 Romae
500 4696 584 4750 fnisse
602 4695 719 4750 asseruit
734 4711 759 4748 a.
777 4698 893 4750 aa-lol
912 4695 983 4763 (σελ.
1003 4686 1047 4763 ρξ’
1062 4711 1089 4747 κ.
1106 4710 1130 4746 τ.
1147 4687 1192 4809 f),
