3442 5116
373 315 431 379 128
670 327 769 377 uosrs
791 325 1039 377 assumrrorns
1060 327 1286 377 rasennam.

371 509 606 593 perstrinxisse
625 509 687 586 ita,
714 516 750 573 ut
769 507 877 574 nullus
901 529 1006 594 neque
1028 509 1219 574 morientem
1240 507 1460 594 legislatorem
1483 530 1593 596 neque

370 623 475 689 locum
497 623 609 690 vidore
630 625 781 711 potuerit,
802 623 859 690 ubi
881 622 1023 689 cadaver
1043 623 1246 691 conderetur.

455 739 603 806 Evodius
619 742 652 805 in
669 741 732 828 epi.
751 739 794 806 ad
811 739 1030 826 Augustinum
1046 740 1143 818 (inter
1156 739 1414 826 Augustinianas
1427 737 1595 821 comp

371 877 589 944 „quamquam
620 865 652 922 et
677 857 711 922 in
733 856 931 944 apocryphis
958 857 1044 922 etin
1066 857 1201 921 seeretis
1228 857 1332 943 ipsius
1354 857 1475 943 Moysi,
1508 878 1594 944 quae

303 1043 307 1048 ,
373 973 535 1060 scriptura
557 982 648 1038 caret
667 974 876 1056 auctoritate,
902 982 979 1038 tunc
1002 995 1099 1060 quum
1122 971 1314 1038 ascenderet
1335 973 1370 1038 in
1390 983 1534 1038 montem
1557 982 1594 1038 ut

371 1096 561 1167 moreretur,
583 1089 617 1154 vi
640 1089 786 1176 corporis
808 1088 959 1169 efficitur,
982 1097 1018 1153 ut
1040 1087 1131 1154 aliud
1153 1096 1239 1154 esset
1261 1088 1348 1176 quod
1371 1097 1478 1154 terrae
1500 1111 1593 1155 man-

372 1204 512 1287 daretur,
535 1203 625 1269 aliud
647 1203 733 1292 quod
755 1204 871 1290 angelo
895 1205 1061 1270 comitanti
1083 1205 1293 1270 sociaretur.“

453 1319 512 1386 IlI.
544 1319 574 1384 Ε
591 1319 723 1386 Scholio
742 1319 785 1384 ad
799 1319 900 1385 Iudae
918 1321 980 1406 epi.
995 1342 1026 1387 v.
1044 1326 1074 1403 9,
1097 1319 1185 1408 quod
1200 1320 1302 1386 edidit
1320 1320 1356 1387 Ο.
1374 1321 1412 1387 F.
1429 1320 1595 1387 Matthaei

372 1440 426 1514 (ss.
447 1435 680 1523 Apostolorum
702 1435 769 1501 VII
787 1435 944 1522 epistolae
964 1435 1154 1502 catholicae.
1170 1437 1275 1524 Rigas
1293 1442 1379 1506 1782.
1396 1461 1428 1524 p.
1443 1441 1504 1505 238
1520 1435 1587 1526 sq.)'

373 1553 426 1618 cui
453 1551 566 1617 addidi
594 1551 751 1618 Catonem
776 1552 810 1616 in
837 1551 992 1638 epistolas
1021 1551 1214 1631 catholicas,
1244 1552 1294 1619 ed.
1321 1553 1347 1616 Ι.
1374 1553 1416 1618 A.
1445 1553 1595 1638 Cramer,

373 1667 481 1735 Oxon.
499 1673 578 1736 1840
593 1691 624 1755 p.
639 1674 697 1737 160
714 1672 773 1755 sq.)
789 1691 818 1733 v.
834 1668 871 1733 cl.
887 1667 1037 1733 Roensch
1059 1669 1109 1747 (Z.
1124 1670 1146 1736 f.
1161 1692 1200 1732 w.
1219 1669 1280 1736 Th.
1297 1675 1387 1738 1869.
1409 1692 1441 1757 p.
1456 1674 1518 1738 218
1533 1678 1595 1756 sq.)

372 1784 481 1850 hausit
502 1783 564 1849 hoo
584 1785 813 1870 fragmentum:
1270 1851 1274 1857 ,

459 1893 720 1986 Τελευτήσαντος
751 1896 786 1964 ἐν
814 1903 861 1985 τῷ
890 1891 961 1983 doec
982 1894 1157 1975 Μωίίσίως
1185 1892 1203 1965 ὁ
1227 1892 1429 1984 ἀρχάγγελος
1453 1897 1595 1988 Μιχαὴλ

373 2009 616 2082 ἀποστέλλεται
638 2009 841 2104 μεταδήσων
861 2013 899 2083 τὸ
922 2019 1029 2098 σῶμα.
1073 2009 1091 2081 ὁ
1116 2005 1174 2080 ote
1203 2009 1366 2097 διάβολος
1387 2008 1509 2095 ἀπεῖχε
1530 2011 1594 2082 δέ·

236 2151 242 2158 ·
374 2132 440 2198 λων
461 2125 648 2218 ἀπατῆσαι,
673 2129 778 2214 λέγων
800 2128 852 2198 ὅτι
873 2129 948 2215 ἐμοί
973 2133 1059 2211 (εδδ.
1082 2129 1176 2214 ἐμὸν)
1195 2130 1234 2199 τὸ
1252 2135 1349 2215 σῶμα
1372 2127 1417 2210 ὡς
1434 2136 1491 2221 τῆς
1512 2127 1596 2218 δίης

374 2241 580 2328 δεσπόζοντα
615 2241 691 2336 ἤτοι
714 2246 770 2313 διά
793 2245 832 2314 τὸ
854 2246 1000 2328 πατάξαι
1020 2246 1081 2315 τὸν
1102 2242 1294 2332 Αίγύπτιον
1313 2248 1597 2335 βλασφημοῦντος

373 2363 455 2432 κατά
477 2369 537 2430 τοῦ
559 2359 655 2449 άγίοο
676 2362 733 2429 καί
755 2360 864 2451 φονέα
887 2357 1182 2450 ἀναγορεύσαντος,
1205 2363 1247 2453 μὴ
1268 2362 1408 2449 ἐνεγκὼν
1429 2362 1487 2454 τὴν
1509 2363 1594 2431 κατὰ

372 2485 433 2547 τοῦ
457 2475 555 2565 άγίοο
582 2478 798 2568 βλασφημίαν
826 2474 1007 2566 ὁάγγελος
1025 2475 1239 2570 Ἐπιτιμήσαι
1264 2503 1319 2547 σοι
1341 2477 1360 2548 δ
1386 2477 1483 2560 θεός,
1508 2480 1597 2568 πρὸς

373 2596 431 2662 τὸν
453 2595 621 2681 διάβολον
634 2594 708 2686 ἔφη.

310 2723 313 2726 ’
457 2715 558 2783 olem.
579 2715 674 2782 Hom.
695 2715 740 2798 Il,
762 2721 815 2783 52:
847 2707 885 2779 οὐ
910 2715 1061 2800 Μωϋσῆς
1082 2712 1205 2803 φονεδς
1225 2705 1265 2804 ὴν
1287 2711 1344 2780 καί
1364 2715 1458 2800 παρὰ
1479 2711 1598 2801 ἱερέως

374 2822 523 2895 εἰδώλων
542 2825 666 2913 κρίνειν
686 2825 883 2913 ἐμάνθανεν.

327 2995 328 2998 ε
456 2945 627 3012 Michaelis
654 2956 686 3011 et
710 2946 832 3014 diaboli
852 2948 942 3014 litem
970 2948 1011 3014 de
1032 2969 1169 3035 corpore
1190 2949 1292 3014 Mosis
1320 2951 1469 3014 narravit
1491 2949 1596 3016 Oeou·

374 3063 499 3129 menius
521 3065 555 3128 in
577 3065 638 3150 epi.
663 3063 766 3129 Iudae
790 3088 821 3151 p.
842 3069 914 3133 348:
949 3057 970 3149 ὴ
996 3059 1033 3128 δὲ
1054 3061 1131 3146 περί
1157 3070 1216 3129 τοῦ
1238 3060 1413 3142 Μωϋσέως
1441 3060 1597 3147 σώματος

373 3173 481 3264 κρίσις
509 3174 595 3250 ἐστίν
621 3175 717 3266 αὕτη·
751 3174 881 3262 λέγεται
906 3176 964 3244 τὸν
992 3177 1132 3268 Μιχαὴλ
1156 3177 1214 3245 τὸν
1244 3172 1448 3265 ἀρχάγγελον
1474 3183 1516 3270 τῇ
1537 3185 1599 3247 τοῦ

380 3291 550 3372 Μωδσέως
581 3298 674 3385 ταφῇ
709 3294 981 3382 δεδιηκονηκέναι.
1029 3299 1089 3361 τοῦ
1121 3294 1183 3381 γὰρ
1221 3275 1384 3379 διαβόλου
1418 3299 1518 3363 τοῦτο
1550 3297 1597 3386 μὴ

375 3395 651 3493 καταδεχομὲνου,
671 3404 748 3476 ἀλλ’
774 3407 994 3499 ἐπιφέροντος
1011 3406 1157 3501 ἔγκλημα
1177 3409 1234 3477 διὰ
1257 3409 1315 3479 τὸν
1329 3415 1388 3478 τοῦ
1400 3406 1598 3498 Αἰγυπτίου

376 3523 491 3614 φόνον,
514 3523 562 3605 sig
582 3522 687 3594 αίτίου
709 3529 795 3608 (edd.
812 3521 926 3608 αὖτοῧ)
947 3520 1042 3606 όντος
1062 3533 1122 3594 τοῦ
1138 3525 1323 3608 Μωδσὲως,
1348 3527 1405 3595 καί
1420 3527 1479 3595 διὰ
1496 3533 1596 3596 τοῦτο

374 3640 421 3728 μὴ
444 3645 689 3727 συγχωρεῖσθαι
711 3637 798 3729 αὕτη)
817 3647 923 3724 τυχεῖν
942 3648 1001 3733 τῆς
1022 3641 1161 3729 ἐννόμου
1183 3649 1296 3734 ταφῆς.

457 3760 514 3826 IV.
556 3761 660 3827 Iudae
682 3764 743 3849 epi.
765 3785 796 3826 v.
818 3769 853 3829 9:
888 3755 907 3826 δ
937 3758 973 3826 δὲ
1002 3760 1142 3851 Μιχαὴλ
1170 3757 1189 3827 ὃ
1218 3756 1432 3849 ἀρχάγγελος,
1464 3759 1520 3829 ὅτε
1550 3767 1597 3848 τῷ

377 3872 526 3961 διαβόλῳ
554 3871 803 3961 διακρινόμενος
830 3876 994 3961 διελέγετο
1029 3876 1107 3963 περὶ
1136 3882 1196 3944 τοῦ
1231 3876 1404 3956 Μωδσὲως
1429 3874 1594 3962 σώματος,

265 4061 267 4066 ,
376 3981 436 4058 oda
458 3986 637 4079 ἐτόλμησεν
659 3988 767 4075 κρίσιν
790 3989 975 4077 ἐπενεγκεῖν
995 3989 1223 4082 βλασφημίας,
1251 3988 1340 4060 ἀλλά
1361 3985 1453 4062 εἶπεν
1471 3989 1597 4061 Ἐπιτι·

375 4103 472 4198 μήσει
494 4130 549 4174 σοι
570 4106 691 4196 κάρτος.

460 4224 611 4293 Clemens
631 4225 726 4294 Alex
749 4226 944 4294 adumbratt.
967 4228 999 4293 in
1022 4230 1084 4315 epi.
1105 4229 1208 4295 Iudae
1227 4252 1260 4316 p.
1285 4233 1365 4298 1008
1387 4229 1430 4296 ad
1452 4253 1482 4295 v.
1499 4236 1594 4310 {lno-

377 4345 471 4409 tavit:
493 4341 547 4407 hic
570 4342 741 4410 confirmat
762 4347 1020 4432 assumptionem
1040 4345 1175 4432 Moysis.

459 4458 625 4546 Didymus
652 4459 747 4526 Alex.
775 4461 810 4525 in
840 4462 902 4547 epi.
930 4461 1034 4527 Iudae
1068 4462 1119 4540 (T.
1147 4461 1204 4527 IV.
1226 4459 1380 4530 Bibliotla
1407 4463 1544 4530 Petrum
1564 4485 1594 4548 p.

377 4579 464 4656 327):
491 4573 588 4659 „licet
614 4574 796 4642 adversarii
817 4576 912 4642 huius
940 4578 1221 4664 contemplationis
1249 4578 1479 4666 praescribunt
1506 4601 1596 4668 prae·

379 4693 463 4756 senti
486 4689 644 4776 epistolae
666 4700 698 4755 et
717 4690 871 4778 Moyscos
893 4695 1109 4780 assumptioni
1130 4703 1264 4783 propter
1293 4717 1368 4761 eum
1388 4696 1513 4779 locum,
1540 4696 1594 4762 ubi
