3402 5118
486 1140 991 1239 Puoescoooeuo

259 1408 261 1412 ·
332 1385 388 1460 ad
413 1385 676 1462 Clementis
698 1373 896 1461 Romami
920 1347 1154 1486 epistulas

660 1644 826 1652 m

186 1896 188 1900 .
202 1801 355 1884 Clementis
371 1828 486 1883 Romani
504 1843 573 1898 quae
590 1828 714 1884 feruntur
724 1829 857 1900 epistulae
870 1827 916 1883 diu
928 1830 1007 1882 unico
1021 1828 1171 1884 Bibliorum
1183 1827 1273 1884 codice
1290 1844 1352 1882 con·

134 1914 266 1974 amatae,
276 1915 360 1978 crant,
380 1913 457 1968 cuius
474 1913 603 1968 librorum
615 1929 750 1969 sacrorum
763 1913 846 1969 indici
858 1914 964 1970 arabice
981 1913 1104 1968 additum
1114 1917 1164 1978 est,
1182 1926 1242 1968 eum
1255 1929 1353 1977 „manu
1414 1969 1416 1973 .

39 2059 40 2062 Ἴ
85 2034 87 2038 ·
133 1996 250 2052 Theclae
267 1997 366 2060 nobilis
389 1998 670 2068 feminaergyptiae
691 1999 853 2068 paulopost
874 1999 1017 2053 concilium
1033 1998 1200 2054 Nicaenum“
1222 1997 1352 2066 scriptum

135 2097 201 2136 esse.
236 2097 306 2150 quae
327 2081 441 2137 traditio
463 2082 492 2137 id
514 2083 600 2138 solum
623 2083 711 2147 docel,
741 2082 858 2137 codicem
879 2100 894 2137 e
917 2082 1016 2150 celebri
1039 2083 1066 2138 S.
1089 2081 1202 2137 Theclae
1226 2079 1352 2135 coenobio
1420 2086 1423 2092 '

135 2166 302 2235 Seleucenei,
326 2166 397 2236 quod
417 2167 472 2223 iam
489 2167 612 2236 Gregorii
632 2167 797 2232 Nazianzeui
824 2169 943 2236 tempore
964 2166 1069 2234 floruit,
1090 2165 1247 2236 prodisse.¹)
1281 2165 1352 2219 hunc

136 2249 256 2307 codicem
283 2267 353 2306 auno
380 2255 445 2306 1098
472 2252 595 2306 cubiculo
621 2246 796 2322 patriarchali
817 2251 996 2307 Alexandrino
1024 2249 1092 2306 dono
1119 2250 1212 2305 delum
1234 2249 1353 2318 cyrillus

135 2335 258 2404 Luceria,
273 2336 435 2391 Patriarcha
445 2336 650 2402 Alexandrinus,
668 2337 762 2406 postea
774 2335 1096 2406 constantinopolitanus,
1109 2351 1132 2388 a.
1147 2337 1211 2389 1628
1224 2333 1318 2389 Oarolo
1330 2333 1351 2389 I.

135 2421 252 2490 Angliae
268 2422 326 2490 regi
343 2421 433 2486 misit,
454 2421 547 2490 itaque
570 2420 651 2484 codex
667 2419 864 2477 Alexandrinus
882 2420 928 2488 (A)
950 2420 979 2473 iu
1000 2417 1092 2474 Museo
1114 2419 1270 2473 Britannico
1291 2434 1353 2472 con·

136 2506 267 2558 servatiu.
302 2503 518 2560 Tischendorfius
535 2521 596 2560 eum
613 2504 700 2560 medio
718 2505 773 2560 fere
790 2504 879 2559 seculo
898 2505 930 2560 V.
949 2505 1077 2574 scriptum
1095 2521 1153 2559 esse
1171 2503 1287 2568 censuit,
1306 2503 1354 2557 sed

136 2587 283 2643 secundum
300 2588 560 2644 Montefelconiauae
576 2589 805 2660 Palaeogrcphiae
826 2580 934 2658 regulae
951 2589 996 2642 vix
1017 2591 1080 2644 aule
1101 2604 1153 2644 sec.
1170 2588 1218 2643 VI.
1236 2587 1354 2656 scriptus

136 2688 195 2726 esse
215 2669 352 2741 poleel.2)'
381 2675 524 2742 utrumque
553 2673 755 2730 Testamentum
775 2674 831 2728 fere
861 2673 997 2742 integrum
1018 2673 1141 2742 praebet,
1165 2671 1241 2726 Novo
1263 2675 1353 2726 aulem

136 2756 308 2810 Testamenta
333 2757 479 2812 Clementis
501 2757 615 2812 Romani
632 2758 762 2828 epistulas
783 2761 923 2827 tamquam
944 2757 1032 2828 ipsius
1055 2759 1126 2812 sacri
1148 2755 1248 2811 codicis
1269 2755 1353 2811 libros

136 2840 248 2895 ultimos
265 2841 379 2897 addidit.
415 2841 554 2910 catalogus
572 2842 658 2897 codici
674 2843 837 2912 praemissus
855 2843 884 2896 iu
901 2842 983 2897 Novo
994 2842 1164 2896 Testamenlo
1186 2843 1248 2918 posi
1264 2840 1352 2895 Evan-

136 2923 218 2994 gelia,
236 2926 305 2981 Acta
322 2926 512 2996 apostolorum,
532 2927 679 2982 catholicas
697 2929 724 2982 et
740 2927 870 2982 Paulinae
887 2926 1027 2996 epistulas,
1047 2925 1228 2996 Apocalypsin
1245 2925 1353 2982 Ioannis

136 3009 176 3063 ita
193 3010 261 3064 exit:
294 3045 296 3050 ·
561 3023 564 3028 '
685 3034 688 3040 .
1012 3021 1013 3024 ’
1400 3019 1401 3022 ’

448 3096 617 3166 Κλημεντος
635 3095 796 3166 [casotum
813 3089 849 3150 α’.

421 3189 423 3193 ·
447 3179 618 3249 Κλημεντος
637 3180 798 3250 ε[πισ’το]λη
814 3173 849 3250 β
869 3193 873 3200 ·

450 3281 525 3332 ομου
541 3266 639 3339 βιβλια
657 3303 663 3318 .
682 3305 689 3316 .
709 3284 740 3318 s.
759 3265 895 3331 (numerus
913 3263 1042 3332 evanuit).

440 3349 560 3417 ‘pulpos
578 3349 768 3414 σολομωντος
785 3340 830 3417 ιη’.
914 3363 917 3368 ·
935 3418 937 3428 .

203 3446 264 3484 curn
288 3429 438 3487 Salomonis
459 3431 576 3488 Psalmis
598 3424 679 3487 eliam
701 3431 813 3486 alteriue
835 3431 981 3488 Clementis
1008 3433 1139 3502 epistulae
1161 3432 1262 3500 omnia,
1285 3447 1354 3500 quae
1442 3463 1444 3466 -

137 3516 198 3583 post
223 3530 246 3568 o.
266 3519 297 3570 12
313 3532 340 3584 p.
358 3520 433 3581 80‚2
455 3517 647 3588 sequebamur,
675 3515 819 3584 perierunt.
859 3517 956 3586 prioris
978 3533 1083 3587 quoque
1105 3517 1236 3586 epistulae
1257 3515 1354 3570 folium

138 3597 213 3654 deest
230 3601 265 3672 (o.
278 3603 377 3655 57-63
394 3619 420 3671 p.
434 3605 588 3670 63‚10-p.
602 3603 644 3668 67,
654 3599 706 3667 21).
729 3603 831 3671 quanta
841 3601 936 3656 harum
948 3602 1125 3670 epistularum
1136 3617 1199 3671 pare
1217 3600 1354 3670 deperdita

139 3684 183 3747 sil,
200 3682 263 3738 iude
281 3685 430 3755 computari
449 3678 502 3741 non
519 3686 620 3756 potest,
645 3684 716 3753 quod
732 3685 877 3756 Nicephori
899 3684 1110 3754 stichomclriail
1132 3684 1279 3740 Clementis
1296 3684 1353 3752 epi·

138 3767 218 3822 stolis
236 3769 349 3823 eundem
366 3787 490 3825 versuum
505 3775 649 3825 'numerum
661 3768 785 3843 (MMDO)
802 3769 908 3838 tribuit,
927 3770 974 3839 qui
990 3767 1063 3840 apud
1080 3770 1169 3824 Lucae
1186 3763 1353 3838 evangelium

137 3855 307 3908 memoratur.
341 3866 404 3908 nam
421 3869 513 3909 versus
531 3854 650 3923 (στίχοι)
672 3869 725 3908 non
747 3855 776 3908 in
794 3854 916 3910 omnibus
933 3855 1011 3910 libris
1028 3853 1154 3923 aequales
1176 3856 1248 3909 sunl.
1283 3855 1354 3908 cete·
1464 3868 1467 3872 ·

137 3951 196 3990 rum
213 3937 297 3992 eiiam
313 3939 343 3992 in
359 3937 426 4006 iilis,
442 3953 511 4007 queo
530 3938 611 3994 codex
623 3939 705 3994 etiam
723 3955 794 3993 nunc
811 3939 929 4009 praebeo,
947 3939 1096 4008 permultae
1112 3937 1220 3994 litterae
1237 3940 1265 3993 el
1276 3954 1354 3992 voces

206 4211 233 4276 1)
256 4208 289 4268 cf.
311 4199 493 4264 ilechendorfl
515 4205 708 4287 Prolegomona
735 4210 770 4265 ad
791 4211 877 4266 Vetus
902 4209 973 4264 [lest.
999 4222 1103 4278 graece.
1136 4210 1177 4264 ed.
1199 4208 1252 4265 ΙΙΙ.
1278 4209 1353 4280 Lips.

139 4275 376 4424 seooffbfarflxfie
390 4344 450 4425 'leae
474 4344 554 4426 dere
576 4345 691 4426 disserui
707 4347 746 4430 ¹in¹
764 4345 999 4427 commentatiope:
1027 4344 1104 4399 Noch
1118 4345 1169 4424 eiu
1191 4344 1268 4400 Worl
1289 4344 1354 4398 iiber

138 4409 188 4464 deu
215 4409 297 4465 codex
324 4413 484 4494 diremimus,
510 4413 667 4494 Z'estschnfc
686 4414 730 4468 fur
755 4413 1012 4469 mesenschadllrcha
1037 4412 1186 4482 Theologre.
1217 4412 1353 4467 rece-11.

138 4494 163 4546 p.
181 4482 230 4532 214
249 4495 289 4534 e.
314 4479 660 4536 et1nhbrozE1nl.1ud.
679 4482 712 4538 N.
731 4482 803 4550 Ἤρ.
823 4485 924 4536 790e.
1020 4533 1022 4538 .

205 4547 232 4627 3)Ι
251 4494 283 4601 ci
308 4547 445 4628 Grodneri·
458 4547 553 4603 libros:
583 4549 643 4603 Zur
658 4549 817 4605 Geschichte
843 4548 890 4604 des
933 4565 1032 4617 anons,
1063 4549 1126 4602 Hal.
1150 4548 1223 4605 1847.
1247 4563 1273 4616 p.
1294 4550 1352 4602 122.

138 4611 519 4740 ffissssfflchffinffosjnNffllffeff
531 4617 640 4754 {unffi
661 4617 702 4672 ed.
720 4618 752 4673 G.
770 4617 905 4675 Vollmer.
934 4617 1020 4676 Berol.
1042 4619 1115 4674 ¹860.
1131 4633 1157 4692 p.
1178 4619 1241 4684 244,
1262 4631 1349 4679 mauro
1375 4644 1379 4649 ·
1435 4687 1438 4695 .

237 4701 248 4738 ἶ
330 4723 336 4737 ι
421 4723 428 4737 σ
474 4723 479 4738 e
521 4725 526 4738 ι
565 4726 571 4739 u
627 4713 649 4741 l·
