3402 5118
357 277 383 322 X
832 274 1096 325 Pnonueounrtn.

284 531 285 536 .
356 455 495 539 videtur,
517 456 615 522 etiarn
636 475 664 520 c.
685 454 727 520 X.
748 479 781 546 p.
804 459 853 540 34,
876 462 895 524 7
917 448 1082 540 βρώσεως,
1106 456 1194 546 quod
1207 457 1402 526 vocabulum
1416 465 1512 526 vetus
1525 459 1575 526 in·
1696 464 1697 496 l

355 579 482 663 terpres
504 574 602 639 etiam
622 572 642 638 l.
665 578 704 640 15
732 572 792 652 „de
820 573 925 640 escis“
952 569 1060 641 vertit}
1093 573 1231 661 denique
1258 598 1283 642 o.
1311 575 1403 643 XIV.
1429 597 1462 664 p.
1483 581 1534 660 48,
1555 583 1577 643 4

356 698 413 758 aut
430 689 559 758 codices
580 689 692 777 graeci
712 689 890 756 seeundum
910 699 1054 757 veterem
1074 692 1283 780 interpretem
1305 698 1488 770 (servorum
1504 716 1575 760 suo-

215 841 219 846 ·
355 816 439 887 rum)
461 805 656 873 emendandi
677 815 764 880 sunt:
787 804 878 872 λαοῦ
897 807 950 874 vel
970 808 1053 874 λαοῦ
1067 800 1178 892 ἁγίου,
1201 808 1287 875 unde
1302 802 1394 895 λόγῳ
1411 811 1503 876 nasci
1517 831 1576 898 Ρο-

356 900 507 1009 tuit,⁸aut
527 930 621 990 vetus
642 923 805 1012 interpres
826 924 1002 992 secundum
1031 947 1169 1012 graecos
1196 925 1342 993 codices:
1375 945 1576 1008 „sermonum

358 1041 518 1107 suorum“.
552 1049 621 1107 tum
644 1039 792 1108 Christus
813 1063 879 1107 non
899 1040 1021 1108 tabulis
1043 1038 1177 1128 (aulaf),
1203 1042 1261 1109 sed
1281 1042 1384 1111 verbo
1405 1051 1578 1114 testamen·

357 1166 426 1225 tum
450 1157 597 1224 divinum
617 1136 794 1245 tradidisse
815 1157 955 1224 videtur.

439 1274 494 1340 Ad
514 1275 654 1339 Hermae
668 1273 832 1340 Pastorem
846 1275 928 1341 haec
951 1275 1103 1341 addenda
1123 1275 1242 1342 habeo:
1265 1273 1333 1342 Via
1352 1275 1413 1360 ΠΙ,
1433 1283 1453 1343 7
1475 1299 1509 1364 p.
1522 1281 1573 1354 21,

357 1399 408 1466 21.
432 1397 472 1460 22
493 1393 528 1457 in
548 1391 650 1461 notis:
671 1392 737 1458 iam
753 1390 849 1475 6.*,31
871 1393 1014 1458 correxit
1032 1409 1237 1476 etpyuoavuo.
1275 1392 1345 1459 Vis.
1366 1392 1427 1476 HI,
1441 1399 1461 1460 9
1476 1416 1508 1482 p.
1525 1399 1576 1478 25,

361 1514 399 1577 13
418 1499 629 1592 casaperta,
653 1516 672 1572 l.
694 1498 838 1592 ἀκρασία
859 1507 924 1587 (lat.
945 1509 1217 1597 intemperantia).
1253 1508 1323 1576 Vis.
1338 1508 1395 1592 IV,
1412 1517 1425 1576 1
1444 1531 1475 1598 p.
1491 1514 1541 1594 30,
1558 1516 1576 1577 3

357 1627 392 1692 in
414 1634 506 1692 textu
528 1609 759 1702 ἀποκαλύψεις
782 1627 859 1707 (non
882 1616 1114 1711 ἀποκαλύψας)
1140 1625 1347 1692 scribendum
1368 1635 1426 1710 est,
1448 1625 1526 1694 Sim.
1548 1627 1576 1711 Ι,

357 1767 391 1831 Ρ.
413 1748 465 1824 79,
493 1747 513 1809 2
543 1735 787 1828 ἔπανακάμψαι
810 1743 888 1825 (non
910 1733 1167 1828 ἀπηνακάμψαι),
1203 1742 1282 1809 Sim.
1305 1731 1346 1826 V,
1367 1749 1386 1809 7
1408 1748 1440 1830 p.
1462 1750 1513 1825 91,
1538 1749 1576 1814 18

298 1936 300 1940 .
358 1851 378 1925 ὁ
400 1854 648 1942 παντοκράτωρ,
673 1859 714 1926 cf.
737 1859 806 1926 vis.
827 1859 885 1939 ΙΙΙ,
902 1864 921 1927 3
941 1883 971 1948 p.
988 1863 1182 1944 17,16(ηοα
1196 1852 1473 1941 παντοδύναμος).
1498 1861 1575 1926 Sim.
1604 1873 1606 1877 ’

357 1975 456 2059 VIII,
486 1984 505 2044 5
526 1999 560 2064 Ρ.
585 1983 653 2060 107,
675 1975 911 2060 4vooabulum
932 1975 1013 2042 illud
1035 1975 1209 2044 obscurum
1229 1978 1263 2042 in
1284 1977 1396 2044 codice
1411 1977 1578 2065 Lipsiensi

306 2083 308 2086 ’
357 2086 479 2175 (μανείς
490 2092 542 2158 vel
556 2092 677 2177 μενεῖς)
691 2087 910 2159 revocandum
924 2093 1054 2160 videtur
1068 2093 1111 2158 ad
1126 2085 1258 2180 ἡσθείς,
1267 2094 1377 2181 itaque
1390 2092 1575 2180 legendum:

356 2203 471 2298 ἡσθεὶς
499 2202 552 2272 ὅτι
578 2202 683 2285 οὕτως
710 2201 903 2294 εὑρέθησαν.
940 2209 1019 2276 Sim.
1043 2208 1132 2287 VIII,
1158 2216 1177 2276 7
1197 2233 1227 2297 Ρ.
1252 2215 1327 2293 109,
1350 2217 1368 2278 3
1391 2209 1476 2276 adde
1494 2203 1576 2290 τάχα

357 2327 425 2406 (lat.
441 2319 517 2408 cito)
531 2335 607 2393 ante
620 2316 887 2412 μετανενοήκασι.
915 2326 1087 2392 nonnullas
1102 2329 1213 2412 graeci
1226 2335 1334 2392 textus
1349 2326 1484 2393 lacunas
1500 2350 1574 2415 sup·

358 2427 447 2532 plevi
467 2445 502 2510 in
523 2442 674 2508 Hermae·
683 2442 830 2510 Pastoris
846 2444 964 2510 veteris
984 2443 1104 2510 latinae
1123 2445 1398 2532 interpretationis
1421 2443 1570 2527 editione,

361 2562 451 2648 Lips.
474 2566 562 2629 1873.
586 2583 619 2647 Ρ.
640 2559 692 2625 IX
714 2583 761 2648 sq.

443 2676 689 2763 Prolegomenis
711 2675 754 2742 ad
775 2675 918 2742 Hermae
938 2676 1109 2745 Pastorem
1135 2700 1165 2765 p.
1180 2677 1223 2742 X.
1245 2677 1341 2759 addo,
1363 2687 1438 2744 ante
1458 2677 1574 2744 librum

361 2793 581 2883 pontificalem
602 2792 656 2859 vel
675 2793 896 2859 Romanorum
918 2795 1144 2880 episcoporum
1166 2794 1350 2880 catalogum
1371 2771 1573 2885 Felicianum

360 2915 439 2990 (sec.
473 2909 532 2986 VI)
563 2910 777 2997 antiquiorem
811 2909 994 2996 catalogum
1030 2909 1241 2977 Libonianum
1275 2913 1365 2990 (anni
1393 2915 1467 2992 354)
1494 2911 1575 3002 Her-

362 3050 436 3094 mae
458 3027 628 3092 Pastorem
648 3028 695 3092 ita
716 3037 925 3093 memorasse:
961 3027 1057 3108 „Pius
1083 3050 1155 3100 ann
1177 3025 1252 3116 XX
1275 3051 1316 3092 m.
1331 3027 1406 3095 IIII.
1429 3028 1460 3093 d.
1483 3025 1593 3112 XXI.

360 3144 435 3211 fuit.
451 3143 651 3231 temporibus
686 3143 844 3209 Antonini
877 3143 942 3224 Pii,
983 3166 1003 3209 a
1039 3165 1125 3210 cons.
1161 3123 1251 3210 Clari
1287 3151 1319 3209 et
1354 3144 1467 3211 Severi
1492 3150 1576 3223 (146)

363 3283 466 3350 usque
502 3259 629 3327 duobus
664 3260 823 3347 Augustis
856 3266 950 3340 (161).
1007 3260 1067 3352 sub
1107 3260 1202 3326 huius
1242 3262 1435 3349 'episcopatu
1476 3262 1576 3328 frater

362 3379 431 3444 eius
451 3377 569 3444 Ermes
590 3376 709 3443 librum
732 3378 873 3467 scripsit,
894 3378 929 3443 in
950 3400 1014 3466 quo
1029 3377 1204 3444 mandatur
1219 3379 1474 3466 contineturque,
1490 3379 1577 3467 quod

363 3495 394 3561 ei
414 3495 583 3582 praecepit
605 3492 749 3579 angelus,
770 3517 842 3560 cum
864 3495 953 3560 venit
976 3494 1019 3560 ad
1040 3495 1130 3560 illum
1150 3494 1265 3561 habitu
1293 3495 1463 3581 pastoris“.
1495 3495 1577 3561 haec

362 3614 470 3678 omnia
491 3611 574 3678 bene
595 3621 776 3698 congruunt
797 3610 924 3678 Visioni
939 3612 979 3696 V,
1000 3612 1163 3678 mandatis
1177 3613 1378 3700 praemissae
1395 3616 1438 3698 (Ρ.
1452 3616 1491 3678 34
1507 3618 1576 3697 sq.).

361 3729 548 3795 Felicianus
566 3729 693 3794 demum
715 3727 882 3816 catalogus
905 3728 1046 3794 addidit:
1067 3737 1122 3812 „ut
1144 3739 1290 3795 sanctum
1304 3729 1435 3795 Pascha
1453 3728 1506 3795 die
1521 3728 1576 3794 do·

329 3911 331 3916 .
362 3845 751 3912 minicacelebrareturffl
924 3845 927 3850 ’

446 3963 548 4030 Faxit
562 3964 653 4030 Deus
669 3962 708 4028 Ο.
722 3962 776 4046 Μ,
798 3971 836 4028 ut
849 3962 948 4028 etiam
962 3961 1025 4028 hoc
1040 3985 1111 4029 meo
1127 3962 1240 4029 labore
1253 3981 1390 4048 rognum
1411 3961 1492 4029 illud
1512 3964 1577 4050 spi·
1635 4013 1637 4018 -

363 4082 444 4146 ritus
467 4089 499 4146 et
519 4080 679 4163 veritatis,
702 4078 790 4167 quod
808 4083 859 4146 'est
878 4079 1010 4157 Christi,
1034 4079 1180 4146 nonnihil
1200 4081 1444 4168 promoveatur!

448 4278 631 4348 scribebam
652 4279 751 4346 Ionae
773 4279 805 4344 d.
825 4279 935 4347 XXII.
957 4304 999 4346 m.
1020 4281 1126 4372 April.
1148 4303 1176 4345 a.
1197 4279 1473 4364 MDCOOLXVI.

448 4395 602 4472 nonnulla
624 4397 757 4479 mutavi,
780 4395 885 4462 delevi
908 4406 963 4462 aut
984 4397 1096 4462 addidi
1117 4396 1216 4462 Ienae
1237 4396 1268 4462 d.
1288 4396 1328 4464 V.
1352 4419 1393 4462 m.
1408 4396 1496 4464 Maii.

789 4535 817 4586 a.
837 4507 1146 4600 MDOCOLXXVI.
