3442 5116
435 302 535 353 uosrs
555 302 802 354 sssuurmorus
822 303 1045 354 reinnerus.
1285 289 1344 355 129

132 483 336 572 significatur
360 483 498 552 verbum
526 482 715 573 archangeli
741 487 783 552 de
803 507 940 574 corpore
960 485 1085 574 Moysis
1112 485 1156 553 ad
1179 483 1345 554 diabolum
1365 505 1369 509 ·

130 601 285 668 factum.“

215 717 414 806 Apollinarii
436 717 588 785 Scholion
609 720 645 784 in
657 717 834 808 Nicephori
848 717 981 804 Oetena,
1003 726 1035 785 et
1048 718 1139 807 Lips.
1160 723 1249 789 1792.
1265 717 1303 785 Τ.
1319 717 1346 785 Ι.

135 857 166 922 p.
188 837 280 905 1313:
311 830 524 922 σημειωτέον,
547 830 601 901 ότι
620 833 676 900 καὶ
695 831 730 900 έν
750 836 819 914 τοῖς
837 826 971 922 χρόνοις
992 828 1166 913 Μωυσέως
1186 823 1270 924 ἦσαν
1290 831 1348 901 καὶ

135 945 236 1017 όλλαι
256 946 383 1035 βίβλοι,
406 943 447 1017 αἳ
463 954 519 1017 νῦν
536 944 618 1018 εἰσὶν
633 945 836 1041 ἀπόκρυφοι,
860 945 906 1030 ὥς
920 951 1019 1039 δηλοῖ
1037 949 1094 1017 καὶ
1115 944 1135 1041 ἡ
1158 953 1218 1031 τοῦ
1236 945 1348 1017 Ἰούδα

136 1064 304 1158 ἐπιστολή,
322 1065 409 1135 ὅπου
423 1063 577 1135 stoicon
592 1066 741 1155 καὶπερὶ
757 1071 818 1136 τοῦ
830 1065 999 1147 Meletos
1012 1060 1171 1152 σώματος,
1191 1068 1248 1134 καλ
1262 1062 1349 1136 ἔνθα

136 1181 297 1272 μέμνηται
327 1178 373 1263 ὡς
400 1182 437 1252 ἐκ
457 1185 607 1266 παλαιᾶς
634 1188 764 1276 γραφῆς
786 1179 873 1252 ’Irini
895 1180 1009 1269 κύριος
1038 1182 1108 1275 ἥξει
1135 1182 1254 1251 καὶτὰ
1276 1179 1351 1274 ἑξῆς

138 1307 179 1380 (v.
207 1309 340 1385 1115).

218 1419 260 1486 V.
304 1419 430 1487 Gelasii
459 1420 614 1508 Cyziceni
638 1420 726 1488 Acta
754 1419 880 1509 Synodi
907 1419 979 1489 Nic.
1005 1421 1051 1505 II,
1074 1425 1125 1489 20.
1153 1443 1185 1508 p.
1208 1423 1256 1487 33.
1294 1411 1350 1484 Ἐν
1427 1483 1430 1488 .

137 1532 260 1622 βιβλίῳ
281 1531 318 1600 δὲ
335 1528 555 1628 Ἀναλήψεως
576 1531 751 1613 Μωϋσέως
773 1533 914 1624 Μιχαὴλ
936 1531 954 1601 ὃ
977 1527 1178 1621 ἀρχάγγελος
1199 1527 1353 1619 διαλαχό-

136 1673 234 1737 μενος
249 1655 296 1738 τῷ
317 1646 469 1740 διαβόλῳ
490 1649 593 1738 λέγει·
625 1645 714 1719 Ἀπὸ
735 1649 798 1738 γὰρ
819 1647 1004 1734 πνεύματος
1024 1645 1121 1736 ἁγίου
1147 1645 1249 1718 αὐτοῦ
1269 1646 1354 1717 πόν-

136 1792 189 1847 τες
218 1763 426 1856 έκτέσθημον.
460 1767 536 1848 ,καὶ
568 1763 675 1836 πόλιν
711 1763 802 1855 λέγει
832 1761 920 1837 Ἀπὸ
951 1763 1138 1853 προσώπου
1168 1770 1229 1837 τοῦ
1262 1771 1355 1836 θεοῦ

139 1883 261 1976 ἐξῆλθε
281 1883 319 1954 τὸ
341 1890 470 1972 πνεῦμα
492 1880 603 1974 αὐτοῦ,
625 1878 722 1952 καλό
745 1878 870 1970 κόσμος
891 1881 1024 1972 ἐγένετο.
1067 1885 1282 1976 philosophus
1302 1909 1352 1953 re-

51 2059 53 2064 ,
140 2004 291 2094 spondet:
326 2001 405 2090 περὶ
430 1999 467 2070 δέ
489 2007 547 2093 τῆς
570 1997 730 2091 opinione
755 1996 974 2092 ’Λναλήψεως
999 1999 1189 2082 Μωυσέως,
1217 2002 1294 2090 περὶ
1315 1990 1372 2100 ἧςἱ

138 2113 262 2207 ἀρτίως
283 2113 447 2210 εἰρήκατε,
475 2118 554 2188 ουόε
581 2115 710 2210 ακηκοό
741 2142 825 2187 ποτε
845 2113 941 2208 εἰμὴ
964 2122 1036 2199 νῦν,
1061 2114 1143 2186 ὅθεν
1164 2111 1247 2184 αἰτῶ
1266 2111 1356 2201 ὑμᾶς

140 2235 344 2327 σαφεστέραν
362 2260 425 2322 μοι
445 2239 511 2304 τῶν
532 2223 718 2320 λεχθέντων
738 2239 948 2326 παραστῆσαι
964 2234 1022 2326 τὴν
1042 2230 1206 2303 σύστασιν.

224 2357 385 2444 Origenes
408 2350 449 2423 <le
470 2357 573 2445 princ
593 2355 654 2440 HI,
675 2362 706 2440 2,
731 2364 744 2424 1
769 2354 869 2444 (Opp.
889 2356 915 2436 Ι,
928 2357 1024 2434 ’138);
1045 2364 1077 2421 et
1097 2355 1202 2442 primo
1223 2351 1355 2441 quidem

20 2555 21 2558 Ἴ
142 2475 174 2539 in
193 2473 315 2540 Genesi
338 2496 472 2562 serpens
485 2474 592 2540 Evam
615 2473 784 2540 seduxisse
807 2471 1008 2554 describitur,
1031 2471 1072 2538 de
1092 2493 1156 2564 quo
1176 2473 1211 2536 in
1231 2470 1354 2538 Ascen-

143 2593 233 2658 sicne
253 2590 376 2678 Moysi,
397 2591 489 2658 ornus
510 2589 613 2656 libelli
635 2591 781 2656 meminit
801 2591 836 2656 in
864 2589 1004 2677 epistula
1031 2611 1091 2656 sua
1112 2588 1278 2677 apostolus
1299 2587 1356 2655 Iu·

21 2697 22 2714 ,
143 2707 213 2791 das,
227 2707 369 2774 Michael
384 2706 599 2794 archangelus
614 2729 687 2774 cum
703 2705 834 2774 diabolo
846 2705 1017 2794 disputans
1032 2705 1073 2772 de
1088 2728 1224 2794 corpore
1237 2703 1357 2792 Moysi,

143 2826 197 2904 nit,
220 2847 241 2889 a
263 2823 393 2890 diabolo
423 2824 618 2914 inspiratum
640 2832 823 2912 serpentem
845 2811 977 2890 causam
1007 2824 1171 2890 exstitisse
1190 2824 1357 2912 praevari-

144 2942 283 3009 cationis
305 2940 399 3008 Adae
420 2949 452 3008 et
472 2941 574 3009 Evae.

226 3059 283 3126 VI.
325 3057 533 3147 Epiphanius
558 3055 659 3124 Haer.
676 3053 747 3138 IX,
768 3063 788 3124 4
809 3079 840 3144 p.
861 3061 902 3126 28
924 3055 1038 3124 Petav.
1059 3055 1113 3136 (cf.
1134 3056 1299 3140 Rcensch‚
1321 3055 1358 3123 Z
1388 3077 1390 3082 ·

143 3173 166 3240 f.
184 3199 224 3242 w.
247 3174 308 3241 Th.
327 3179 416 3244 1871.
437 3173 463 3255 Ι,
482 3198 515 3262 p.
537 3181 606 3255 91):
631 3167 855 3260 ένυταφίασαν
876 3166 909 3238 οἳ
931 3164 1075 3258 (lypsius,
1100 3165 1145 3250 ὡς
1165 3166 1185 3260 ἡ
1207 3164 1254 3250 εἰς
1271 3165 1360 3261 ἡμᾶς

25 3329 26 3334 1
145 3287 295 3357 ἐλθοῦσα
315 3284 507 3375 παράδοσις
526 3283 606 3376 ἔχει,
633 3286 671 3355 τὸ
695 3292 792 3373 σῶμα
812 3291 876 3354 τοῦ
895 3283 1068 3384 Μαόσέως
1093 3291 1153 3354 τοῦ
1182 3282 1279 3373 hylen
1301 3285 1359 3353 καὶ

145 3403 204 3478 οὐκ
225 3401 416 3492 ἐλούσαντο,
438 3399 515 3471 ἀλλ’
536 3399 615 3473 οὐδὲ
630 3400 862 3492 έκοινώθησαν
884 3399 917 3472 oi
935 3398 1073 3491 ι’ίχχιλοι
1092 3397 1163 3471 ἀπὸ
1184 3406 1243 3471 τοῦ
1261 3398 1359 3490 ἄχλοα

145 3519 307 3608 σώματος.

200 4795 380 4860 HILOEXHLD,
395 4795 459 4838 ΠΟΥ.
470 4791 580 4836 herlu.
591 4795 677 4834 ΗΜ
688 4797 816 4834 (mmm.
837 4797 909 4834 ΠΕΟ.
920 4796 938 4834 1.
948 4797 991 4833 BD.
1001 4796 1030 4831 11.
1104 4769 1106 4774 V
1180 4789 1197 4840 9
