3402 5118
322 245 388 294 VIII
631 242 888 293 PROLEGOMENA
908 242 956 291 AD
977 243 1055 292 NOV·
1079 242 1226 290 TESTAM.

210 507 214 514 ι
324 447 401 512 pars
422 423 567 490 Eusebio
591 425 764 513 superstite
785 446 890 512 neque
909 424 1014 512 plane·
1029 433 1163 511 experte
1185 424 1219 490 in
1240 431 1371 511 portum
1394 423 1541 488 admisse

325 550 388 607 est:
409 517 551 629 quinque
578 540 654 606 illae
675 540 854 607 catholicae
876 540 1049 632 epistulae,
1077 549 1109 606 et
1138 542 1277 628 epistula
1302 539 1346 606 ad
1370 539 1540 606 Hebraeos

326 658 415 746 apud
437 658 622 740 orientales,
644 656 776 724 Ioannis
798 657 1010 747 apocalypsis
1033 657 1123 745 apud
1137 656 1353 723 occidentales
1375 656 1539 722 ecclesias.

325 785 463 861 utroque
484 773 568 838 libro
591 773 735 839 admisso
753 773 952 840 Athanasius
983 775 1107 863 primus
1128 797 1218 858 eum,
1246 775 1302 862 qui
1324 773 1367 840 ad
1387 796 1447 840 nos
1468 796 1539 860 per·

326 893 426 974 venit,
447 891 533 956 Novi
555 889 756 956 Testamenti
782 913 939 958 canonem
968 892 1113 978 agnovit.
1150 889 1206 956 sed
1228 889 1431 978 periculosae
1452 893 1540 954 navi-

259 1069 260 1072 ,
327 1008 478 1093 gationis,
501 1029 566 1092 qua
587 1007 726 1074 ecclesia
746 1008 924 1073 christiana
949 1029 1063 1074 sacrae
1089 1009 1270 1094 scripturae
1296 1016 1427 1094 'portum
1449 1008 1540 1072 tutio-

327 1147 396 1190 rem
417 1123 549 1189 tandem
569 1133 719 1191 assecuta
742 1137 804 1201 est,
826 1125 1013 1191 memoriam
1036 1124 1198 1212 quandam
1225 1125 1323 1190 etiam
1341 1124 1541 1189 Athanasius

329 1241 482 1325 servavit,
505 1242 560 1329 qui
581 1243 665 1306 inter
688 1243 860 1307 canonicos
882 1251 914 1306 et
943 1237 1149 1330 apocryphos
1170 1239 1271 1306 libros
1294 1236 1351 1304 καὶ
1372 1234 1467 1322 έτερα
1488 1243 1542 1323 βι-

328 1351 410 1438 βλία
429 1351 554 1422 τούτων
575 1351 711 1436 ἔξωθεν,
737 1349 774 1421 οὗ
797 1352 1036 1440 κανονιζόμενα
1055 1352 1128 1441 μέν,
1156 1351 1369 1438 τετοπωμένα
1392 1352 1429 1420 δέ
1450 1353 1541 1440 παρὰ

329 1475 397 1538 τῶν
415 1469 569 1556 πατέρων
591 1465 882 1558 ἀναγινώσκεσθαι
901 1475 972 1552 τοῖς
997 1466 1070 1560 όῖρτι
1096 1470 1371 1559 προσεργαμένοις
1389 1469 1444 1540 καὶ
1464 1477 1543 1557 βου-

331 1585 487 1672 λομένσις
506 1591 725 1676 κατηχεῖσθαι
745 1588 803 1656 τόν
823 1593 879 1679 τῆς
900 1583 1070 1672 εὐσεβείας
1091 1585 1191 1674 λόγον
1214 1592 1356 1678 agnovit,
1376 1592 1463 1657 Novi
1479 1593 1544 1678 qui·

332 1707 405 1773 dem
439 1707 640 1773 Testamenti
665 1708 859 1776 Doctrinam
892 1707 1114 1798 apostolorum
1147 1717 1179 1774 et
1205 1708 1349 1774 Hermae
1377 1708 1544 1774 Pastorem

333 1824 418 1911 (Epi.
439 1825 511 1890 fest.
532 1829 586 1893 39:
608 1821 738 1912 Διὸαχὴ
759 1821 949 1912 καλουμένη
970 1827 1036 1888 τῶν
1054 1817 1253 1890 ἀποστόλων
1274 1820 1331 1888 καὶ
1351 1812 1369 1888 ὁ
1387 1817 1545 1909 Ποιμήν).

332 1942 379 2005 ita
413 1941 481 2006 fere
520 1941 656 2006 Rufinus
690 1940 910 2029 Aquileiensis
948 1943 1187 2029 (Expositionis
1224 1944 1259 2008 in
1299 1940 1404 2029 symb.
1443 1952 1545 2028 apost.

334 2081 361 2122 ο.
384 2061 436 2138 38)
452 2057 545 2122 inter
567 2059 741 2123 canonicos
764 2067 796 2123 et
819 2059 1028 2147 apocryphos
1047 2059 1148 2125 libros
1168 2059 1279 2148 posuit
1300 2057 1546 2139 ecclesiasticos,

334 2174 420 2239 Novi
446 2173 661 2240 Testamenti:
676 2174 861 2250 ,Pastorem
887 2175 1031 2241 Hermae
1052 2184 1085 2241 et
1109 2175 1230 2241 librum
1263 2175 1339 2263 „qui
1365 2174 1548 2262 appellatur

334 2291 432 2356 Duae
454 2293 528 2356 viae
550 2290 603 2356 vel
623 2290 785 2358 Iudicium
806 2292 926 2358 Petri“.
964 2315 1068 2380 neque
1090 2301 1204 2380 portus
1225 2293 1296 2380 ipse
1312 2294 1378 2358 iam
1400 2293 1447 2356 ita
1464 2291 1548 2358 clau·

336 2431 392 2473 sus
414 2418 492 2488 erat,
514 2410 591 2496 quin
614 2406 744 2474 saeculo
761 2408 816 2475 VI.
832 2408 1007 2476 Clementis
1027 2409 1167 2475 Romani
1186 2419 1324 2497 utraque
1348 2408 1487 2496 epistula
1507 2407 1550 2474 ad

337 2524 523 2591 Corinthios
546 2527 592 2601 (in
614 2524 725 2590 codice
746 2524 994 2605 Alexandrino),
1023 2527 1121 2591 etiam
1144 2526 1398 2592 Constitutiones
1421 2535 1549 2613 aposto·

336 2641 419 2706 licae
441 2641 487 2724 (in
508 2647 636 2706 canone
653 2635 758 2728 apost.
778 2647 829 2722 85)
856 2644 891 2708 in
915 2645 1030 2730 ipsum*
1051 2643 1137 2708 Novi
1167 2642 1368 2709 Testamenti
1394 2665 1549 2708 canonem

338 2757 592 2824 admitterentur.
629 2759 741 2824 codem
756 2761 825 2826 fere
840 2760 968 2826 saeculo
984 2760 1087 2826 codex
1103 2759 1279 2828 Sinaiticus
1293 2759 1468 2826 Barnabae
1486 2759 1551 2846 epi-

340 2873 466 2956 stulam,
488 2853 577 2940 Petri
598 2875 814 2964 apocalypsin
841 2877 889 2961 (ut
914 2859 1071 2959 videtur),
1099 2877 1243 2942 Hermae
1268 2876 1437 2943 Pastorem
1466 2876 1551 2942 Novi

340 2991 540 3056 Testamenti
561 2991 655 3058 libris
678 2981 841 3059 canonicis
864 2993 999 3061 addidit.

424 3107 544 3174 Omnia
555 3111 655 3196 igitur
666 3109 1009 3181 illiuseoclesiasticae
1023 3111 1242 3197 navigationis
1254 3120 1463 3176 monumenta
1474 3109 1553 3175 mihi

343 3225 526 3311 colligenda
548 3237 649 3292 erant.
674 3248 713 3292 ea
732 3229 878 3313 navigia,
901 3228 1074 3314 quaesere
1095 3229 1222 3313 integra
1245 3239 1374 3293 servata
1395 3237 1480 3305 sunt,
1508 3251 1553 3294 se-

342 3341 482 3407 cundum
504 3345 659 3430 temporis
681 3343 828 3409 ordinem
849 3347 896 3410 ita
917 3347 1088 3432 praemisi,
1115 3353 1152 3410 ut
1172 3344 1277 3432 primo
1299 3345 1456 3410 fasciculo
1484 3344 1553 3412 Ole-

341 3461 458 3524 mentis
494 3459 632 3525 Romani
669 3461 828 3548 epistulae
866 3461 1058 3535 catholicam
1094 3463 1190 3527 totius
1227 3463 1359 3526 canonis
1397 3463 1555 3527 rationem

342 3585 507 3662 praeeant,
530 3578 671 3643 secundo
694 3578 851 3644 fasciculo
872 3577 1046 3644 Barnabae
1067 3577 1206 3666 epistula
1226 3578 1462 3644 Paulinismum
1483 3602 1555 3667 pro-

342 3696 527 3776 vectiorem,
548 3697 644 3761 tertio
662 3695 820 3762 fasciculo
841 3696 984 3761 Hermae
1009 3697 1128 3762 Pastor
1149 3697 1352 3762 Iudaismum
1374 3697 1556 3782 mitigatum

343 3963 405 4018 eta
423 3958 440 4032 ἢ
456 3958 510 4018 καί
528 3982 618 4020 τινων
637 3960 718 4035 παρὰ
738 3965 861 4029 τούτους
881 3960 978 4020 ἄλλων
1001 3955 1156 4035 εὐαγγέλια
1179 3966 1385 4037 περιεχούσας,
1407 3958 1424 4037 ἢ
1445 3960 1488 4030 ὡς
1507 3960 1559 4021 Ἄν-

344 4046 433 4118 όρέου
448 4049 499 4103 καλ
515 4040 654 4104 Ἰωάννου
671 4051 722 4104 καὶ
740 4053 802 4104 τῶν
817 4043 915 4106 ἄλλων
925 4046 1101 4106 ἀποστόλων
1110 4050 1241 4122 πράξεις,
1264 4041 1308 4107 ὧν
1320 4043 1407 4107 otetv
1425 4042 1560 4118 οὐδαμῶς

344 4131 377 4186 έν
394 4129 597 4203 συγγράμματι
613 4137 674 4188 τῶν
690 4129 766 4190 κατὰ
782 4131 835 4200 τὰς
850 4131 988 4206 διαδοχὰς
1008 4133 1258 4207 έκκλησιαστικῶν
1277 4153 1322 4198 τις
1344 4127 1416 4206 ἀνὴρ
1432 4133 1475 4198 εἰς
1491 4135 1559 4202 μνή-

344 4234 401 4284 μην
418 4213 539 4287 ἀγαγεῖν
556 4209 686 4289 ἠξίωσεν.
716 4213 819 4289 πόρρω
840 4219 873 4276 δέ
889 4236 948 4276 που
964 4222 1015 4277 καὶ
1034 4212 1050 4276 ό
1066 4225 1117 4291 τῆς
1133 4215 1273 4291 φράσεως
1290 4213 1370 4289 παρὰ
1386 4216 1422 4274 τὸ
1438 4216 1513 4288 ἦθος
1525 4215 1561 4273 τὸ

345 4291 542 4358 οἷποστολικόν
558 4300 727 4360 ἒναλλότττι
742 4307 903 4376 χαρακτήρ,
921 4294 938 4375 ἦ
954 4323 987 4362 τε
1003 4302 1104 4376 γνώμη
1121 4294 1205 4375 καὶῆ
1228 4307 1290 4359 τῶν
1306 4300 1339 4359 ἐν
1356 4296 1457 4367 αότσῖς
1473 4319 1561 4373 φερο-

344 4381 443 4451 μένων
459 4388 640 4462 πρσαλρεσις,
657 4392 795 4445 πλεῖστον
813 4385 886 4446 ὅσον
904 4394 954 4461 τῆς
976 4381 1103 4459 ἀληθοῦς
1125 4386 1305 4458 ὀρθοδοξίας
1327 4379 1493 4463 duplicare,
1515 4383 1563 4469 dat,

345 4464 381 4538 δὴ
398 4467 554 4541 αἱρετικῶν
570 4472 685 4551 ἀνδρῶν
702 4475 915 4545 ἆναπλάσματα
932 4469 1076 4546 τυγχάνει,
1094 4477 1198 4542 σαφῶς
1210 4474 1395 4543 παρίστησιν
1417 4461 1489 4527 ὅθεν
1501 4465 1554 4528 orit

345 4562 378 4623 ἐν
404 4561 508 4636 νόθοις
533 4562 607 4628 αὐτὰ
629 4565 845 4632 normandos,
868 4554 927 4620 ἀλλ’
945 4557 987 4625 ὼς
1007 4554 1104 4617 ἄτοπα
1125 4553 1218 4628 πάντη
1239 4560 1290 4614 καὶ
1312 4560 1437 4630 δυσσεβῆ
1457 4573 1560 4630 παραι-

345 4660 458 4732 amtor.
