3402 5118
418 298 611 346 CLEMENTIS
632 299 699 346 uel.
721 301 744 346 Ι.
767 299 872 348 ORIGO
893 301 938 346 ET
959 299 1114 349 INDOLES.
1286 301 1376 348 XLIII

151 498 177 550 p.
194 483 236 546 36,
257 483 297 534 15.
318 481 370 546 16).
404 477 438 532 ab
456 477 548 534 eodem
559 479 666 535 iustitia
678 478 731 533 lide
744 481 822 547 parta
835 473 924 549 ἔργον
934 472 1121 548 δικαιοσύνης
1131 479 1285 549 appellatur
1295 482 1328 548 (c.
1341 483 1373 534 33

149 581 176 634 p.
194 569 239 628 39,
258 568 282 617 6.
310 563 344 616 61.
363 578 384 616 c.
404 565 436 617 30
454 580 479 633 p.
498 558 703 633 36,6.·1’ργοις
725 557 939 630 δικαιούμενοι,
964 564 1004 632 μὴ
1033 555 1173 632 λόγους).
1196 563 1236 618 ita
1261 563 1372 618 Romani

149 647 310 718 presbyteri,
328 647 451 716 quamvis
469 647 586 702 nondum
604 648 712 710 sublato
729 647 986 716 utriusquepartis,
1011 646 1375 715 Ρ66116666116661666116,

150 732 314 798 discrimino,
332 732 386 786 iam
402 729 617 800 pacis'studium
634 731 809 787 ostenderunt
826 732 913 786 611116
924 733 1086 799 vitaverunt,
1103 731 1201 800 quibus
1214 731 1300 786 altera
1310 748 1373 801 pars

149 816 336 870 offenderetur.
371 817 449 869 retus
470 815 514 868 dei
533 816 647 885 populus
668 831 748 878 novo,
772 816 819 884 qui
840 833 854 870 e
872 816 999 885 gentibus
1019 815 1148 869 collectus
1165 818 1215 878 est,
1232 817 1373 886 anteponi-

148 903 194 954 tur
212 903 245 967 (o.
264 901 298 954 29
317 915 343 968 p.
363 901 403 961 35,
423 901 438 951 8
459 915 497 968 sq.
517 899 551 952 of.
571 915 593 952 o.
612 901 645 952 to
662 915 687 967 p.
707 901 754 964 66,
779 904 796 953 4
814 901 877 968 66),
900 902 928 955 61
949 899 1020 969 quod
1042 899 1151 954 maximi
1173 900 1301 955 momenti
1323 903 1372 962 661,

148 985 256 1038 Veteris
274 983 440 1037 Testamenti
462 984 535 1052 leges
558 983 593 1037 ad
609 982 847 1037 Christianismum
867 985 1068 1038 transferuntur
1089 987 1122 1051 (6,
1144 989 1185 1038 46.
1202 987 1254 1053 41),
1291 984 1373 1038 61166

148 1067 318 1124 Christianis¹
332 1067 512 1121 observandae
530 1069 593 1120 sunt
612 1067 685 1136 leges
703 1067 766 1121 illae
784 1067 817 1121 66
833 1083 923 1122 66666
941 1083 1077 1123 sacrarum
1099 1069 1179 1123 certis
1200 1065 1374 1136 temporibus,

147 1151 283 1205 ministris
299 1150 409 1219 locoque
426 1152 528 1205 sancto.
564 1151 645 1205 etiam
664 1151 736 1220 apud
753 1151 923 1206 Christianos
940 1168 1061 1206 summus
1077 1153 1205 1221 pontifex,
1223 1151 1373 1221 pontifices,
1441 1160 1444 1164 '

147 1236 260 1290 Levitae
278 1234 386 1289 6116161
405 1234 602 1298 discernuntur,
621 1235 755 1289 sacrificia
772 1235 920 1290 offeruntur
937 1236 981 1304 (ci.
999 1237 1081 1292 etiam
1098 1253 1121 1291 c.
1139 1243 1172 1290 44
1190 1253 1216 1306 p.
1234 1239 1276 1300 49,
1292 1239 1318 1289 2.
1336 1236 1372 1301 3).

146 1319 282 1374 translate
300 1318 406 1386 quidem
424 1319 490 1373 haec
508 1320 597 1373 omnia
615 1319 741 1374 61666166
765 1317 797 1373 66
820 1318 928 1374 Christo
950 1337 1054 1374 summo
1076 1321 1216 1389 pontifice,
1241 1319 1373 1388 episcopis

147 1404 191 1458 'rel
206 1402 373 1472 presbyteris
391 1403 573 1472 pontificibus,
592 1403 711 1458 diaconis
729 1403 839 1472 Irevitis,
857 1404 1035 1458 eucharistiae
1052 1405 1190 1469 sacrificio,
1209 1407 1237 1459 et
1249 1405 1372 1460 Clemens

146 1489 205 1542 rice
223 1502 303 1540 versa
321 1485 536 1540 Christianorum
554 1488 692 1556 episcopos
710 1489 737 1541 61
749 1487 874 1542 61666666
892 1489 945 1542 166
957 1489 985 1541 16
997 1489 1102 1542 Veteris
1114 1489 1279 1543 Testamenti
1291 1491 1373 1544 effata

146 1571 242 1625 retulit
260 1573 295 1638 (c.
313 1575 346 1625 42
364 1587 389 1638 p.
409 1573 452 1637 46,
471 1574 589 1637 19-21).
625 1570 708 1625 nihilo
730 1570 819 1624 minus
836 1571 941 1625 Veteris
959 1573 1124 1626 Testamenti
1141 1573 1269 1628 mandata
1287 1576 1315 1627 61
1331 1575 1372 1626 16-

147 1657 246 1710 stituta
265 1654 337 1723 apud
355 1655 519 1708 Clementem
537 1658 729 1710 conservantur
745 1655 837 1722 potius
851 1672 933 1725 qnam
945 1657 1118 1724 abrogentur,
1137 1673 1205 1726 quae
1218 1656 1290 1726 apud
1301 1657 1372 1711 Pau-

145 1742 201 1794 lum
220 1739 388 1807 abrogentur
404 1739 494 1808 potius
512 1756 591 1808 quam
611 1741 810 1794 conservantur.
845 1756 899 1810 qua
920 1741 950 1794 in
970 1757 999 1794 re
1022 1740 1101 1794 huius
1118 1740 1280 1794 Paulinismi
1296 1741 1371 1810 inge·

145 1825 223 1877 6166
240 1839 303 1876 6666
320 1823 470 1877 Romanum
487 1823 732 1878 animadvertimus.
765 1839 819 1877 non
835 1826 943 1878 tantum
958 1823 1099 1892 utriusque
1111 1825 1197 1893 partis
1209 1824 1371 1879 christianae

144 1906 288 1962 concordia
306 1923 387 1975 6666
404 1908 521 1961 maxima
538 1907 682 1976 appetitur,
703 1906 750 1961 sed
767 1907 849 1962 etiam
869 1908 956 1962 omnia
975 1906 1141 1961 reducuntur
1157 1908 1192 1963 ad
1210 1910 1312 1962 certum
1329 1925 1371 1962 or·
1388 1922 1390 1926 ·

144 1991 251 2059 61666,
269 1992 357 2060 qualis
374 1991 404 2044 in
420 1992 480 2062 ipsa
501 2007 589 2046 rerum
606 1993 703 2045 natura
720 1992 884 2060 conspicitur
901 1995 933 2060 (o.
947 1997 979 2048 26
997 2010 1023 2061 p.
1041 1996 1082 2057 25,
1100 1993 1189 2061 266),
1205 1992 1234 2045 16
1250 1993 1370 2046 Romano

143 2076 258 2146 imperio
276 2075 433 2130 observatur
451 2078 482 2143 (c.
502 2079 533 2129 31
552 2093 577 2144 p.
589 2079 632 2140 42,
652 2079 682 2129 13
696 2075 757 2145 sp),
776 2074 819 2128 dei
829 2078 928 2145 populo
939 2076 1083 2130 mandatur
1094 2079 1128 2145 (c.
1144 2081 1175 2129 40
1188 2093 1213 2145 p.
1225 2080 1268 2138 46,
1279 2081 1295 2128 4
1308 2077 1369 2145 66).

213 2160 305 2214 66616
322 2175 384 2212 666
400 2159 448 2213 1116
466 2159 602 2213 Romanae
620 2159 746 2212 ecclesiae
764 2163 839 2214 statu
857 2163 1149 2230 comparantesquom
1161 2158 1241 2214 Pauli
1253 2159 1370 2228 epistula

143 2246 179 2300 ad
196 2245 335 2300 Romanos
352 2247 544 2310 repraesentat,
562 2243 616 2296 166
633 2244 719 2298 66116
736 2245 823 2312 magis
835 2244 960 2298 ordinata
977 2246 1171 2314 cognoscimus,
1188 2243 1234 2297 sed
1251 2243 1369 2296 nondum

144 2329 178 2384 ad
196 2328 347 2398 perfectam
363 2343 477 2395 vereque
495 2327 656 2380 catholicam
674 2327 807 2381 unitatem
823 2327 960 2396 perducta.
994 2329 1096 2382 Paulus
1113 2332 1220 2398 praeter
1232 2327 1308 2380 illam
1326 2341 1369 2381 ec·

143 2412 256 2466 clesiam
273 2412 421 2464 Romanam
439 2413 531 2464 coetus
542 2413 665 2480 agentem
683 2411 712 2464 in
724 2410 834 2466 aedibus
845 2411 954 2466 Priscae
967 2415 993 2466 61
1005 2411 1126 2480 Aquilae,
1140 2411 1237 2480 quibus
1250 2411 1369 2465 omnium

88 2530 90 2536 ·
143 2495 319 2550 ecclesiarum
338 2494 481 2563 gentilium
501 2496 615 2549 salutem
633 2495 769 2550 nuntiavit
786 2497 873 2564 (Rom.
886 2497 958 2561 XVI,
971 2499 1057 2563 3-5),
1075 2496 1156 2550 etiam
1168 2495 1252 2549 alium
1264 2497 1368 2548 coetum

105 2573 107 2577 ’
143 2579 337 2642 christia-num,
363 2579 455 2648 procul
481 2579 562 2633 dubio
579 2579 772 2643 iudaizantem,
797 2581 967 2636 memorarit:
993 2573 1185 2650 Ἀσύνκριτον,
1208 2576 1369 2648 Φλέγοντα,

140 2653 265 2734 Ἑρμῆν,
286 2656 449 2732 Πατρόβαν,
466 2653 593 2733 Ἑρμᾶν
609 2665 659 2717 καλ
681 2661 750 2727 τοὺς
767 2663 820 2719 σὺν
831 2658 937 2729 ἀὐτοῖς
955 2656 1099 2732 ἀδελφούς
1120 2664 1206 2732 (Rom.
1224 2663 1297 2728 xvi,
1318 2666 1368 2731 14).

141 2741 684 2817 66616666661616111Φιλόλογονιια1
703 2737 843 2812 Ἰουλίαν,
865 2747 966 2819 Νηρέα
987 2745 1108 2816 nareae
1129 2739 1257 2818 ἀδελφὴν
1279 2749 1370 2802 αὐτοῦ

142 2832 194 2886 καὶ
212 2821 358 2896 Ὀλυμπᾶν
374 2831 425 2884 καὶ
442 2828 511 2894 τοὺς
529 2823 581 2885 σύν
599 2827 699 2894 αὐτοῖς
715 2824 826 2895 πάντας
838 2827 940 2901 ἁγίους
955 2834 1042 2902 (Rom.
1054 2833 1127 2900 XVI,
1141 2833 1190 2899 16).
1226 2825 1373 2899 utrumque'

143 2918 253 2970 coetum
271 2913 351 2981 plane
369 2913 489 2968 diversas
506 2913 712 2968 consuetudines
732 2917 852 2969 secutum
870 2933 928 2970 esse
949 2917 977 2971 in
995 2915 1116 2972 sabbatis
1134 2919 1163 2968 et
1180 2914 1273 2968 diebus
1291 2914 1368 2969 festis

143 2996 313 3054 celebrandis
332 3000 449 3052 autnon
472 2996 651 3064 celebrandis,
676 2998 705 3051 in
730 2999 849 3054 ciborum
871 3000 1034 3055 abstinentia
1058 3003 1106 3054 661
1127 2998 1236 3053 11666116
1252 2997 1368 3052 Ρ661166

143 3082 265 3153 epistula
283 3081 319 3134 ad
336 3082 411 3136 Rom.
431 3098 452 3136 c.
469 3083 534 3136 XIV
552 3083 643 3151 aperte
661 3082 745 3136 docet.
781 3083 925 3138 Clementis
947 3101 1026 3153 qnam
1044 3082 1138 3137 616661
1155 3082 1299 3151 epistulam
1315 3083 1368 3136 lto·

143 3183 244 3222 66666
261 3165 388 3220 666166166
405 3165 601 3236 presbyterium
623 3165 663 3219 116
686 3167 859 3236 conseripsit,
883 3165 914 3220 61
936 3168 1065 3222 Paulinae
1086 3167 1172 3236 partis
1190 3171 1306 3220 mentem
1324 3183 1367 3220 er·

142 3251 285 3322 presserit,
302 3250 415 3304 alteram
433 3266 495 3304 vero
512 3251 616 3318 partem
634 3266 688 3304 666
705 3249 852 3306 offenderit.
887 3251 1088 3306 consuetudinis
1111 3251 1251 3318 religiosae
1269 3248 1367 3303 discre—

143 3337 241 3408 pantia
259 3333 376 3388 nondum
395 3335 503 3388 sublata
514 3336 563 3394 est.
599 3350 632 3386 66
650 3333 724 3388 Sixto
737 3334 852 3403 quidem,
870 3335 1040 3404 Telesphoro,
1057 3335 1173 3404 Hygino,
1186 3334 1243 3396 Pio,
1254 3333 1366 3387 Aniceto

142 3419 280 3490 episcopis
295 3418 424 3472 Romanis
441 3434 489 3487 per
506 3433 589 3471 annos
607 3416 661 3471 iere
681 3421 813 3472 111-161
831 3421 975 3488 utrumque
987 3421 1092 3474 coetum
1104 3418 1133 3472 in
1150 3417 1296 3486 perfectam
1307 3412 1369 3472 uniss

142 3507 231 3558 tatem
249 3502 381 3556 coaluisse
397 3519 413 3555 e
431 3501 625 3557 controversiae
641 3501 777 3570 paschalis
796 3502 909 3558 historia
930 3504 1114 3571 cognovimus,
1136 3517 1219 3570 quum
1240 3500 1289 3554 hos
1310 3501 1367 3571 epi-

143 3603 241 3657 scopos
268 3603 358 3641 omnes
386 3586 554 3655 elngularum
578 3585 768 3654 parochiarum
794 3586 1013 3641 consuetudinem
1034 3585 1216 3640 iudaizantem
1237 3585 1368 3640 tolerasse

144 3672 220 3726 dicat
238 3672 401 3738 16666661).
436 3686 521 3739 nequo
539 3685 570 3722 er
590 3669 681 3724 eadem
698 3671 833 3725 Romanae
852 3671 981 3725 ecclesiae
999 3672 1083 3739 parte,
1101 3668 1172 3722 unde
1190 3669 1369 3724 HermaePa·

143 3759 212 3818 6166,
231 3754 380 3809 Clementis
398 3753 605 3822 Recognitiones
623 3756 650 3809 et
667 3755 802 3809 Homiliae
819 3753 983 3825 prodierunt,
1004 3754 1070 3808 haec
1088 3754 1234 3807 Clementis
1252 3753 1369 3822 epistula

142 3837 266 3908 profecta
284 3840 333 3892 est.
369 3837 417 3893 sed
434 3838 574 3905 utriusque
594 3839 681 3908 partis
699 3837 879 3908 discrepantia
896 3837 1014 3892 nondum
1032 3837 1140 3892 sublata
1156 3837 1210 3892 iam
1222 3837 1300 3893 valde
1317 3840 1369 3893 mi-

215 4141 240 4204 1)
258 4154 275 4192 a
294 4136 331 4191 ud
347 4136 444 4192 Euseb.
458 4137 516 4192 HE.
534 4139 567 4205 V,
585 4142 626 4202 24,
647 4143 686 4207 14,
706 4139 739 4192 oi.
758 4139 856 4194 librum
873 4154 974 4194 meum:
992 4138 1046 4192 Der
1062 4138 1245 4193 Paschastreit
1263 4139 1310 4195 der
1328 4141 1368 4194 al-

143 4209 191 4262 ten
208 4155 309 4260 Kircbe
326 4223 352 4274 p.
371 4209 420 4260 221
436 4221 482 4284 sq.
501 4207 584 4260 etiam
602 4207 723 4261 Iustinus
741 4209 850 4274 martyr.
867 4207 938 4260 Dial.
960 4223 982 4260 c.
1000 4206 1098 4275 Tryph.
1117 4204 1176 4259 lud.
1196 4211 1262 4260 641
1279 4226 1304 4278 p.
1318 4212 1367 4264 266

143 4274 306 4328 Iudaeorum
324 4275 352 4326 61
368 4272 510 4341 gentilium
527 4273 647 4328 fidelium
665 4273 808 4328 discrimen
825 4275 865 4328 ita
883 4273 1033 4342 descripsit,
1054 4275 1085 4326 61
1103 4274 1188 4326 altera
1206 4289 1268 4342 pars
1288 4276 1368 4330 alteri

144 4340 358 4396 communionem
376 4340 586 4396 ecclesiasticam
604 4341 735 4410 denegare
753 4341 878 4410 potuerit.
903 4343 979 4395 taceo
993 4341 1025 4394 de
1038 4341 1102 4395 Caio
1119 4341 1240 4395 Romano
1257 4344 1367 4413 presby·

143 4412 210 4474 tero,
228 4423 308 4476 quem
325 4408 433 4462 Victore
456 4411 483 4462 61
504 4409 577 4478 Zeph
611 4410 653 4463 'no
676 4408 807 4531 6311666616
830 4405 928 4463 ἐθνῶν
950 4404 1113 4462 ἐπίσκοπον
1135 4408 1286 4464 ordinatum
1310 4428 1367 4466 esse

143 4474 623 4544 Ρ1661166(Βὶ161.666.48)661611..
653 4494 682 4530 66
728 4476 888 4531 sententiam
912 4493 997 4530 meam
1024 4475 1057 4529 de
1078 4476 1214 4530 Romanae
1239 4479 1367 4534 eeclesiae

145 4543 295 4614 originibus
313 4543 434 4610 quamvis
452 4559 468 4596 6
485 4543 578 4614 Lipsio
595 4545 613 4599 1.
632 4544 650 4597 l.
667 4562 693 4614 p.
714 4548 761 4598 118
783 4543 943 4611 dubitatum,
966 4544 1142 4598 aVolhmaro
1163 4545 1254 4612 (theol.
1272 4547 1365 4602 Jahrb.

145 4612 345 4746 gaggi&
360 4610 565 4747 sctclr'rrdemnatam
587 4615 742 4666 constanter
765 4614 865 4680 repeto.
902 4611 936 4665 61.
958 4611 1180 4714 6666666666
1206 4613 1366 4668 11161166.
1387 4671 1391 4680 ,
