3402 5118
463 306 656 354 cummanum
677 307 743 354 EPI.
764 307 787 352 1.
807 307 912 356 ORIGO
932 308 977 354 ΕΤ
998 304 1155 356 INDOLES.
1274 305 1394 352 XXXIX

239 493 264 543 3.
298 489 418 542 Romam
436 487 547 542 ecclesia
564 487 698 555 perhanc
721 488 865 557 epistulam
889 487 1093 542 Corinthiorum
1114 487 1269 539 seditionem
1286 500 1392 553 compo-

168 589 233 627 nere
251 571 364 626 studuit.
400 571 432 626 de
450 588 503 641 qua
521 571 652 626 seditione
668 570 738 624 hanc
760 571 815 626 iere
838 573 1000 628 sententiam
1022 571 1148 640 proposui
1167 569 1290 638 (apostol.
1309 568 1394 622 Vites

169 675 195 727 p.
215 661 247 711 78
267 658 330 726 sq.):
347 657 378 711 in
395 655 535 712 seditionis
552 654 718 725 principibus
736 657 826 712 omnia
845 657 965 712 revocari
991 655 1027 711 ai
1049 654 1191 725 superbam
1212 653 1332 721 aliquam
1350 667 1392 706 sa·

168 740 309 810 pientiam.
349 740 502 810 superbiam
532 743 622 795 autem
650 756 704 794 non
732 742 838 795 tantum
868 735 902 795 ἐν
929 732 1085 815 ἀλαζονείᾳ
1105 742 1160 794 τοῦ
1186 732 1275 806 λόγου
1304 737 1338 804 (c.
1360 739 1391 788 21

168 841 197 894 p.
211 829 254 889 27,
267 827 319 892 li),
337 825 484 879 omuinoin
502 825 567 879 solis
584 823 673 878 vorbis
691 827 724 892 (c.
743 829 775 878 38
793 841 819 894 p.
838 828 879 889 43,
899 829 930 878 13
948 825 982 878 ci.
1002 841 1024 878 c.
1043 829 1075 878 30
1093 840 1120 893 p.
1139 827 1179 887 36,
1198 825 1213 874 5
1235 813 1334 890 ἐργυις
1351 821 1395 874 δι-

167 900 352 982 κοισύμενοι,
369 901 408 976 μὴ
423 901 546 977 λόγοις),
570 905 617 962 sed
638 909 720 962 etiam
741 909 771 962 in
792 908 873 962 rebus
894 909 962 977 ipsis
980 907 1106 977 conspici.
1141 907 1181 960 ita
1199 905 1301 960 moueri
1318 921 1340 958 c.
1359 907 1411 958 38*

169 1009 197 1060 p.
216 995 259 1060 43,
279 997 382 1060 εοεαε
410 979 537 1058 ὅσοφδς
558 985 756 1052 ἐνδεικνύσθιυ
778 995 832 1062 τὴν
853 993 962 1061 σοφίαν
984 983 1075 1046 αὐτοῦ
1091 984 1131 1059 μὴ
1147 985 1180 1044 ἐν
1196 984 1307 1058 λόγοις,
1333 980 1394 1042 ἀλλ’

103 1121 106 1126 .
169 1070 273 1146 ἔργοις
296 1073 434 1145 ἀγαθοῖς·
466 1064 483 1130 ὃ
508 1069 717 1146 ταπεινόφριυν
746 1069 785 1144 μὴ
811 1071 907 1149 ἐαυτῷ
932 1071 1134 1146 μαρτυρείτω,
1161 1063 1222 1128 ἀλλ’
1245 1065 1323 1128 ἐάτω
1344 1063 1394 1140 ὑφ’

167 1158 276 1230 ἐτέρου
294 1154 401 1214 ἑαυτὸν
417 1161 645 1230 μαρτυρεῖσθαι·
670 1147 686 1213 ὅ
708 1153 797 1228 ἁγνὸς
814 1155 846 1214 ἐν
872 1164 909 1228 τῇ
930 1161 1016 1228 σαρκί
1033 1151 1072 1228 μὴ
1091 1147 1330 1224 ἄλαζονευέσθιυ,
1351 1172 1394 1223 γι-

170 1237 294 1297 νώσκων
312 1233 357 1299 ὅτι
376 1237 478 1314 ἕτερός
494 1241 576 1298 ἐστιν
596 1231 612 1297 ὃ
629 1241 813 1312 ἐπιχορηγῶν
831 1235 911 1314 αὐτῷ
927 1235 979 1312 τὴν
991 1239 1172 1312 ἐγκράτειαν.
1207 1241 1298 1294 eodem
1314 1239 1392 1294 mocio

168 1327 225 1380 dici
242 1343 266 1381 c.
283 1331 316 1382 48
334 1345 360 1396 p.
379 1331 419 1392 53,
441 1331 456 1382 8
475 1342 526 1395 sp:
547 1318 605 1396 ἤτω
624 1345 669 1390 τις
685 1321 797 1390 πιστός,
815 1319 874 1395 ἢτοι
892 1319 1017 1389 δυνατὸς
1038 1329 1151 1395 γνῶσιν
1170 1319 1312 1390 ἐξειπεῖν,
1333 1317 1393 1394 ἢτοι

169 1405 266 1481 σοφὸς
283 1407 317 1466 ἐν
333 1411 480 1482 διακρίσει
497 1408 606 1479 λόγων,
630 1404 689 1481 ἦτοι
711 1405 820 1482 γοργὸς
842 1407 875 1466 ἐν
892 1403 1005 1482 ἐργοις,
1026 1404 1085 1478 ἢτοι
1102 1402 1235 1476 ἁγνός-1)
1258 1403 1392 1482 τοσουτῳ

169 1489 226 1566 γὰρ
246 1497 366 1562 μᾶλλον
383 1501 630 1564 ταπεινοφρονετν
646 1495 770 1564 ὀφείλει,
790 1485 849 1569 ὅσῳ
877 1497 964 1550 δοκεῖ
976 1496 1087 1560 μᾶλλον
1103 1488 1216 1561 μείζων
1238 1484 1321 1557 εἶναι,
1344 1495 1395 1548 καί

168 1580 268 1646 ζητεῖν
283 1571 320 1632 τὸ
334 1575 516 1645 κοιναφελές
532 1581 613 1646 πᾶσι,
629 1580 679 1633 καί
696 1573 735 1649 μὴ
756 1573 792 1634 ιδ
810 1575 926 1634 ἑαυτοῦ.
961 1579 1059 1648 triplex
1075 1578 1161 1646 igitur
1177 1579 1332 1647 arrogantia
1352 1579 1393 1631 vi-

166 1663 290 1732 tuperari
306 1661 460 1716 videbatur:
481 1664 505 1728 1)
523 1665 632 1731 propter
648 1664 776 1718 scientiae
793 1663 957 1716 christianae
975 1679 1117 1728 sermones,
1138 1677 1205 1732 quos
1223 1663 1329 1716 ePauli
1341 1662 1392 1731 epi.

167 1748 192 1800 I.
210 1746 246 1801 acl
264 1747 323 1801 Gor.
342 1745 417 1809 VHI,
438 1750 449 1800 1
470 1763 509 1815 sq.
529 1746 592 1811 XII,
612 1749 635 1800 8.
654 1747 726 1812 XIV,
746 1751 761 1800 e
781 1747 930 1815 illustravi,
955 1746 1106 1816 2)‘proptsr
1124 1759 1275 1800 sermonum
1293 1745 1391 1800 diiudi-

167 1831 316 1897 cahonam,
334 1846 414 1899 quam
432 1829 466 1883 ad
480 1829 546 1900 illas
564 1832 723 1901 διακρίσεις
741 1829 916 1896 πνευμάτων
935 1835 945 1885 1
961 1831 1034 1885 Ceri.
1047 1831 1109 1898 XII,
1124 1835 1163 1884 10.
1181 1831 1253 1895 XIV,
1271 1835 1304 1885 29
1315 1847 1390 1885 revo-

167 1915 237 1983 cavi,
256 1916 282 1978 3)
299 1915 409 1982 propter
426 1914 616 1968 continentiam
635 1915 678 1970 vel
695 1914 779 1968 vitam
798 1914 935 1978 caelibem,
953 1915 1028 1970 cuius
1045 1915 1156 1970 nimiam
1168 1915 1391 1970 aestumatIonsm

166 1999 223 2052 iam
241 1998 344 2053 Paulus
364 2002 374 2050 1
396 1997 456 2050 Cor.
474 1997 528 2050 VII
545 1998 688 2066 reprimere
705 1997 828 2052 debebat.
863 1999 969 2053 eosdem
988 1999 1150 2067 Corinthios,
1171 2015 1282 2068 quorsum
1300 1997 1391 2052 vivida

167 2086 195 2136 et
211 2081 369 2136 turbulenta
386 2081 496 2149 ingenia
512 2081 567 2134 iam
584 2081 699 2135 Paulum
717 2081 795 2136 valde
813 2083 1032 2148 sollicitaverant,
1051 2085 1133 2138 etiam
1150 2099 1181 2137 ex
1192 2083 1243 2136 hac
1254 2083 1390 2136 Romanae

167 2167 296 2220 ecclesiae
322 2165 439 2234 epistula
464 2167 614 2233 recognovi.
649 2166 695 2219 sei
717 2166 783 2220 baec
805 2167 893 2220 omnia
914 2168 1018 2222 Eklero
1041 2168 1060 2220 l.
1082 2168 1100 2220 l.
1118 2183 1144 2235 p.
1168 2171 1195 2220 31
1219 2183 1258 2235 sq.
1283 2166 1389 2220 acutius

165 2267 248 2318 quam
275 2250 363 2303 verius
387 2250 507 2317 exposita
529 2246 587 2302 asse
604 2265 689 2317 nequa
711 2250 843 2320 epistulae
865 2251 1034 2320 simplicitati
1053 2251 1191 2305 convenire
1214 2249 1386 2315 videbantur;

166 2333 310 2403 hypothesi
327 2333 359 2387 de
377 2333 581 2404 γλυσσολαλίᾳ
598 2336 626 2386 et
642 2337 880 2409 πνευματολογίᾳ
902 2353 944 2389 me
966 2335 1079 2389 abusum
1100 2350 1157 2388 esse
1174 2333 1208 2388 ad
1228 2333 1389 2388 omniafere

162 2436 198 2473 eo
215 2417 363 2481 referenda,
380 2418 462 2471 etiam
479 2433 511 2471 ea
529 2431 597 2486 quae
615 2433 668 2470 non
686 2417 739 2470 nisi
757 2421 849 2472 coacta
866 2419 969 2472 ratione
987 2420 1026 2473 ita
1050 2417 1177 2487 explicari
1194 2416 1308 2486 possint.
1343 2433 1388 2470 ve·

166 2519 227 2556 rum
250 2503 384 2556 enimvero
409 2501 532 2554 Elkerus
555 2501 612 2569 ipse
639 2501 800 2555 sententiam
822 2503 961 2570 proposuit
986 2502 1120 2556 trivialem
1145 2517 1230 2569 neque
1257 2499 1389 2569 epistulae

166 2586 299 2656 gravitati
315 2586 524 2639 convenientem.
557 2584 598 2637 ita
615 2598 637 2636 c.
657 2587 689 2636 30
706 2601 733 2652 p.
753 2589 794 2653 36,
813 2591 827 2639 5
846 2587 1034 2653 δικαιοῦσθαι
1050 2603 1103 2640 uon
1119 2585 1233 2640 Paulino
1251 2601 1331 2638 sensu
1344 2601 1388 2639 su-

168 2670 295 2724 mendum
313 2683 380 2730 esse,
400 2667 446 2722 sad
464 2669 628 2736 significare:
652 2684 698 2732 „se
720 2669 819 2722 bonnm
836 2669 962 2737 praebere
985 2685 1073 2723 coram
1093 2669 1169 2723 Deo“
1191 2669 1316 2738 opinatus
1339 2671 1387 2724 ast.

167 2758 196 2809 et
214 2755 307 2808 contra
325 2753 484 2821 scriptorum
503 2755 623 2806 vetorum
640 2769 718 2806 usum
738 2752 782 2820 (ci.
799 2753 889 2822 ignat.
907 2752 942 2807 ad
959 2753 1047 2822 Polyc.
1069 2767 1091 2805 c.
1111 2753 1138 2819 5)
1160 2753 1243 2806 etiam
1265 2769 1282 2808 a
1298 2753 1388 2808 verbis

166 2839 225 2892 illis
242 2829 333 2905 ἁγνὸς
350 2832 383 2891 ἐν
399 2840 435 2904 τῇ
449 2837 544 2906 Ισαρνιί
566 2837 737 2892 ascetismum
757 2849 817 2891 curm
836 2836 969 2890 coelibatu
990 2837 1162 2890 coniunctum
1181 2853 1271 2890 arcera
1288 2837 1387 2907 voluit;

166 2920 311 2990 epistulam
329 2919 417 2988 ipsam
434 2920 504 2973 nihil
521 2919 613 2974 docere
630 2924 738 2989 preater
756 2921 897 2974 veritatem
920 2921 996 2974 illam
1018 2920 1106 2974 ubivis
1128 2922 1275 2988 cognitam:
1297 2922 1387 2978 animo

168 3006 252 3059 elatos
270 3006 298 3058 et
316 3002 443 3072 superbos
461 3019 552 3058 omnes
569 3004 690 3058 homines
710 3005 814 3059 duabus
834 3003 913 3059 rebus
930 3005 1049 3074 gloriari,
1070 3005 1159 3059 verbis
1181 3008 1209 3058 et
1226 3004 1318 3073 iactis,
1340 3023 1387 3060 ne·

167 3107 219 3160 que
236 3088 384 3158 quidquam
399 3085 496 3151 inesse,
514 3087 585 3155 quod
603 3087 637 3142 ad
653 3088 898 3156 pneumatologiam
918 3091 945 3142 et
962 3089 1135 3142 ascetismum
1147 3091 1257 3156 spectet.
1292 3089 1325 3143 de
1336 3091 1387 3144 hac

169 3172 303 3227 sententia
319 3170 429 3239 Lipsius
453 3187 500 3225 suo
522 3171 590 3226 libro
608 3187 633 3239 p.
652 3171 691 3226 VI
708 3189 748 3242 sq.
769 3172 907 3241 praefatus
929 3175 982 3227 ast:
1008 3171 1143 3226 Elkerum
1165 3173 1269 3242 plebem
1293 3174 1386 3228 Corin-

166 3258 252 3311 thiam
270 3254 305 3309 σᾶ
322 3253 542 3310 tumultuarium
559 3254 716 3324 instigatum
735 3250 794 3310 oum
816 3257 884 3326 ipsis
905 3257 1039 3311 tumultus
1061 3256 1215 3310 auctoribus
1234 3257 1386 3312 confudisse

166 3344 195 3394 st
212 3338 353 3395 seditionis
369 3339 515 3407 imaginem
532 3338 599 3394 adeo
617 3339 727 3394 diluisse
745 3345 772 3394 et
790 3340 961 3405 decolorasse,
983 3343 1015 3394 ut
1031 3341 1121 3394 emnia
1138 3341 1215 3410 quasi
1232 3341 1337 3396 nebulis
1355 3359 1386 3397 ac

166 3423 285 3479 tenebris
304 3422 489 3476 obscuravisse
506 3423 637 3477 videatur.
672 3423 730 3492 ipse
747 3425 855 3494 Lipsius
873 3424 902 3492 (l.
914 3425 931 3477 l.
946 3441 971 3493 p.
986 3428 1033 3478 108
1052 3426 1102 3494 sq.)
1120 3440 1205 3478 meam
1224 3427 1385 3481 seutentiam

166 3525 270 3562 summa
289 3507 318 3561 in
335 3523 364 3560 re
381 3505 505 3573 probavit
522 3509 549 3560 et
566 3523 597 3560 ex
614 3508 691 3576 parte
708 3509 850 3576 promovit.

231 3591 315 3646 aliam
333 3589 405 3642 viam
422 3590 561 3657 ingressus
577 3590 608 3644 ll.
627 3589 776 3658 suadens)
798 3592 867 3646 hanc
884 3593 939 3646 iare
957 3592 1097 3660 proposuit
1119 3594 1292 3647 sententiam:
1315 3596 1385 3649 sedi·

163 3675 246 3728 tionis
264 3673 407 3743 principos,
429 3675 523 3728 contra
541 3690 609 3742 quos
625 3674 745 3728 Romana
763 3677 880 3744 epistula
898 3677 998 3746 scripta
1014 3679 1064 3739 est,
1082 3693 1097 3730 e
1113 3674 1261 3744 gentilibus
1279 3678 1385 3734 oriundi

164 3757 245 3812 Pauli
262 3756 412 3811 doctrinam
430 3757 471 3812 ita
488 3763 659 3826 exacuerant,
681 3761 713 3813 ut
730 3759 852 3814 Clemens
875 3776 933 3814 sam
953 3759 1108 3827 mitigatam
1124 3775 1269 3828 proponere
1288 3761 1385 3817 debue-

164 4023 193 4062 so
209 4009 333 4062 mussten
351 4007 423 4062 scine
440 4007 562 4063 Ibernio
579 4025 614 4063 au
634 4011 733 4065 seinsm
751 4012 924 4080 Untergange
945 4009 1048 4066 dienen.
1083 4009 1147 4064 Uni
1165 4011 1263 4065 mitten
1282 4012 1311 4066 in
1328 4013 1384 4069 die·

164 4092 220 4130 sem
237 4073 339 4129 Elende
357 4075 409 4129 sah·
422 4091 486 4130 man
498 4077 699 4133 arachittemde
713 4079 845 4146 Beispiele
863 4077 919 4130 iast
931 4093 1109 4146 vergesseuar,
1128 4079 1314 4134 altrbmischer
1331 4082 1384 4137 Το-

161 4142 242 4212 gend.
276 4143 379 4196 Mittor
395 4143 557 4212 bcglaiteteu
575 4145 632 4199 ihre
645 4146 732 4200 Sbhue
749 4146 791 4200 ins
803 4145 872 4208 Eril,
890 4145 1036 4200 Gattinuen
1052 4145 1110 4199 ihre
1123 4147 1241 4200 Minncr.
1270 4149 1384 4204 Manchc

163 4211 284 4280 opierten
305 4209 363 4262 sich
379 4210 517 4280 ireiwillig
533 4209 577 4266 fiir
593 4213 670 4267 einen
687 4213 800 4268 thauren
817 4211 925 4266 Freund
942 4212 1005 4266 oder
1022 4212 1209 4279 Verwandten,
1223 4213 1253 4283 ja
1271 4216 1383 4272 Sclaven

163 4282 290 4346 srtrugen
310 4277 449 4332 standhait
465 4278 507 4332 die
526 4279 628 4346 Qualem
647 4281 694 4335 der
710 4281 814 4341 Foster,¹
830 4297 876 4333 um
893 4279 969 4332 nicht
988 4295 1074 4348 gegen
1092 4281 1149 4334 ihro
1166 4282 1269 4336 Hersen
1288 4299 1384 4338 ausan-

163 4361 253 4425 sagen.
289 4345 344 4398 Der
359 4345 416 4399 Tod
434 4346 518 4401 selbst
534 4347 608 4401 ward
627 4348 781 4446 supinam
802 4348 880 4402 liuth
898 4347 1117 4426 hipgenommen,
1140 4348 1245 4418 vvirdig
1266 4349 1314 4404 der
1334 4369 1382 4421 ge·

163 4413 1191 4552 pflfflitthttttiiittt{sistitis{tisicratis
1203 4421 1382 4543 libras.

163 4563 336 4682 Qubbe&
357 4618 428 4669 erate
447 4601 524 4670 Brioi
547 4617 595 4670 des
618 4617 742 4672 Clemens
763 4618 900 4672 Romanus
927 4634 962 4671 an
991 4617 1033 4672 die
1055 4617 1208 4686 Corinther,
1231 4619 1325 4688 partic.
1343 4621 1381 4676 Π.

162 4681 318 4738 Zaitschriit
335 4681 379 4736 iiir
396 4683 560 4740 lutherisohe
578 4684 720 4754 Theologie
738 4703 764 4740 u.
781 4685 880 4742 Kircbe
899 4689 973 4742 1854.
993 4686 1014 4740 Ι.
1032 4703 1058 4755 p.
1077 4690 1109 4740 25
1128 4704 1167 4757 sq.
