3402 5118
350 289 429 334 XLII
823 285 1090 336 PROLEGOMENA.

351 467 544 524 celebrabatur.
578 467 621 522 his
638 467 762 522 omnibus
773 466 973 521 Corinthiorum
986 459 1128 522 dissidium
1143 469 1338 538 perficiebatur.
1374 469 1510 526 Corinthii
1520 472 1571 540 igi-

349 554 395 606 tur
411 555 560 619 mouentur,
577 555 609 607 ut
628 550 768 606 dissidium
786 550 840 618 ipsi
856 549 955 605 tollant
973 553 1001 606 et
1018 550 1053 605 ad
1070 553 1211 608 emaum
1228 555 1349 608 mutuam
1366 553 1485 609 redeant
1519 571 1571 624 qua

349 636 378 690 iu
396 637 578 691 cohortatione
595 635 708 690 Romani
724 634 886 704 presbyteri,
909 635 957 704 qui
979 635 1049 690 hano
1066 635 1211 704 epistulam
1229 638 1409 706 scripserunt,
1430 638 1571 695 seditionis

350 721 502 790 principum
519 721 634 774 virtutos
650 719 731 772 iuviti
749 720 864 787 quodam
881 719 959 774 modo
977 721 1151 788 agnoverunt.
1186 737 1248 776 uam
1265 737 1311 776 eos
1322 722 1473 786 hortantur,
1492 725 1571 780 utri

349 798 452 859 κοινὸν
472 809 523 874 τῆς
544 798 664 866 ἐλπίδος
687 802 740 871 ipsi
762 802 931 858 considerent
953 805 986 871 (o.
1005 808 1034 858 51
1054 819 1081 872 p.
1099 807 1145 870 56,
1167 809 1192 860 9.
1213 808 1266 873 10),
1293 808 1324 860 ut
1349 810 1459 876 propter
1479 825 1572 877 pacem

349 889 478 943 ecclesiae
502 890 597 957 sponte
621 886 747 941 recedant
772 890 806 954 (c.
825 892 857 940 54
876 903 900 956 p.
920 890 966 955 59,
983 891 999 940 9
1018 890 1076 956 sq.).
1111 887 1257 944 moderatio
1279 893 1307 945 et
1327 891 1482 956 humilitas,
1504 909 1572 962 quae

350 974 408 1029 sola
425 973 460 1026 iis
480 971 568 1039 deest,
587 969 669 1025 adeo
689 969 858 1040 impetranda
875 973 917 1025 eet
935 973 968 1038 (c.
987 975 1018 1025 56
1036 989 1063 1040 p.
1081 975 1122 1040 58,
1142 977 1172 1025 11
1191 974 1252 1041 sq.).
1286 974 1402 1029 Romani
1421 975 1573 1047 presbyteri

348 1057 455 1112 eosdem
474 1055 614 1110 seditionis
631 1056 762 1117 auctores,
779 1070 845 1122 quos
862 1056 920 1108 tam
938 1055 1108 1109 uehementer
1120 1059 1323 1122 accusaverunt,
1341 1059 1523 1127 cohortentur,
1540 1064 1572 1116 ut

291 1127 298 1138 ’
348 1142 402 1211 ipsi
419 1142 586 1210 poenitentes
605 1137 640 1192 ad
657 1137 872 1207 presbyterorum
890 1137 1068 1193 obedientiam
1086 1139 1196 1194 redeant
1213 1142 1246 1208 (e.
1267 1145 1299 1194 51
1317 1157 1343 1210 p.
1362 1146 1404 1210 61,
1421 1147 1437 1198 6
1455 1145 1514 1213 sq.).

415 1226 550 1280 Romanae
561 1223 689 1278 ecclesiae
705 1220 841 1292 praesides
860 1221 975 1291 denique
991 1223 1045 1292 ipsi
1061 1223 1140 1278 deum
1158 1227 1309 1294 precantur,
1327 1227 1358 1280 ut
1375 1227 1477 1296 optima
1489 1243 1570 1296 quae·

347 1326 400 1379 que
410 1308 523 1375 tribuat,
542 1306 710 1361 Christianos
727 1305 843 1361 afflictos
861 1309 956 1374 servet,
977 1307 1068 1375 lapsos
1090 1307 1190 1376 eriget,
1213 1312 1332 1363 errantes
1349 1310 1378 1363 in
1400 1311 1499 1379 populo
1522 1328 1569 1365 suo

349 1394 499 1455 convertat,
526 1391 646 1458 captivos
668 1389 777 1454 liberet,
805 1389 934 1445 demissos
959 1391 1063 1445 animos
1085 1392 1225 1446 confirmet
1249 1396 1282 1456 (c.
1301 1398 1333 1450 59
1350 1409 1376 1462 p.
1395 1398 1440 1458 65,
1461 1398 1489 1448 11
1510 1395 1569 1464 sep),

347 1477 510 1532 christianos
527 1473 652 1528 defendat
668 1473 702 1527 ab
714 1473 814 1542 iniquis
830 1473 991 1529 adversariis
1009 1478 1041 1543 (c.
1054 1479 1087 1530 66
1105 1494 1132 1545 p.
1143 1481 1185 1544 65,
1198 1480 1230 1530 32
1243 1479 1305 1546 ιο),
1323 1493 1391 1545 qnae
1409 1479 1500 1532 omnia
1516 1479 1568 1532 Do-

346 1562 455 1616 mitiani
467 1559 619 1614 vexationes
637 1561 853 1626 repraesentant,
873 1562 901 1613 et
917 1561 949 1613 ut
966 1559 1101 1629 principes
1118 1561 1212 1614 civiles
1229 1576 1294 1614 suae
1311 1562 1446 1616 voluntati
1468 1563 1569 1616 obtem·

347 1649 472 1716 perantes
498 1643 600 1710 reddat.
622 1645 654 1711 (o.
680 1643 733 1707 61).
770 1643 885 1697 Βοιιιιιιί
911 1644 967 1696 iam
992 1645 1082 1698 omnia
1107 1661 1175 1713 quiae
1201 1645 1235 1698 ad
1261 1645 1416 1714 religionem
1444 1649 1567 1714 spectant

347 1730 520 1784 absolverunt
542 1731 577 1794 et
591 1728 712 1794 sperant,
739 1726 892 1780 Corinthios
913 1725 1087 1783 obsecuturos
1109 1745 1180 1796 esse,
1204 1728 1322 1797 legates,
1344 1745 1411 1796 quos
1428 1731 1567 1784 miserunt.

347 1813 449 1868 eisdem
474 1809 660 1866 commendant
682 1813 715 1878 (o.
738 1812 857 1878 62-65).
897 1811 963 1864 haec
986 1813 1104 1881 epistula
1126 1816 1223 1868 eventu
1244 1829 1298 1868 non
1319 1815 1438 1868 caruisse
1455 1814 1568 1867 videtur.

257 1911 260 1919 ¹
347 1913 410 1952 uam
423 1896 592 1966 Hegesippus
610 1893 692 1964 (apud
702 1893 798 1948 Euseb.
811 1894 868 1948 ΗΕ.
882 1895 930 1962 IV,
942 1898 984 1960 22,
996 1897 1023 1962 2)
1040 1897 1110 1966 1111ι,
1128 1914 1196 1967 quae
1214 1897 1247 1950 de
1264 1897 1315 1951 hac
1332 1898 1449 1966 epistula
1467 1896 1567 1964 retulit,

346 1983 429 2036 etiam
448 1979 563 2035 addidit:
582 1980 632 2032 καί
650 1975 792 2045 ἐπέμενεν
809 1969 826 2048 ἦ
842 1974 981 2048 ἐκκλησία
998 1969 1015 2049 ἦ
1031 1977 1204 2048 Κορινθίων
1220 1977 1253 2036 ἐν
1269 1984 1313 2054 τῷ
1329 1977 1414 2053 ὀρθῷ
1424 1974 1505 2052 λόγῳ
1516 1978 1566 2048 μέ·

344 2085 395 2136 χρι
411 2065 529 2135 Πρίμου
547 2055 797 2124 ἐπιοκοπειίοντος
814 2059 847 2116 ἐν
864 2061 1013 2137 Κορίνθῳ.
1295 2132 1298 2137 ¹

414 2151 472 2204 sinc
493 2149 534 2202 ira
550 2149 577 2201 et
595 2146 684 2200 studio
701 2145 856 2201 Corinthiae
879 2147 1005 2200 ecclesiae
1027 2147 1169 2202 dissidium
1191 2148 1390 2204 considerantes
1408 2164 1494 2217 neque
1511 2163 1566 2202 ma·

345 2235 510 2304 gistratuum
534 2230 776 2286 ecclesiastieorum
802 2246 888 2298 neque
914 2231 1002 2299 plebis
1028 2233 1190 2287 christianae
1211 2233 1363 2288 defensores
1390 2233 1497 2286 omnino
1522 2231 1567 2286 da·

345 2318 507 2372 mnabimus.
532 2315 573 2371 illi
586 2315 681 2368 merito
693 2313 800 2382 quidem
812 2314 1021 2382 magistratuum
1042 2317 1230 2371 auctoritatem
1248 2317 1402 2380 tuebantur,
1422 2316 1468 2370 sed
1485 2316 1566 2370 etiam

346 2405 386 2458 ita
411 2400 587 2466 extollebant,
612 2402 644 2452 ut
669 2398 756 2467 plebis
783 2399 946 2452 christianae
968 2399 1028 2454 iura
1050 2401 1125 2454 laesa
1146 2401 1208 2455 siut.
1245 2403 1302 2455 sola
1325 2401 1475 2455 obedientia
1492 2417 1567 2470 prae-

295 2513 297 2520 ·
347 2485 445 2540 standa
468 2483 681 2554 praedicabatur.
717 2482 760 2536 illi
781 2498 835 2535 non
856 2481 999 2546 docebant,
1022 2483 1069 2536 ubi
1093 2482 1144 2538 duo
1166 2486 1209 2538 rel
1225 2487 1280 2538 tres
1297 2484 1326 2538 in
1344 2485 1447 2539 Christi
1463 2485 1566 2539 nomine

297 2581 300 2586 ·
346 2569 503 2638 congregati
521 2569 593 2630 sunt,
610 2565 650 2620 ihi
668 2565 807 2620 Christum
825 2565 942 2619 medium
962 2567 1054 2621 adesse
1072 2568 1180 2636 (Matth.
1199 2569 1299 2636 XVIII,
1318 2570 1370 2637 20),
1394 2567 1441 2623 sed
1459 2569 1566 2623 unicum

281 2670 283 2674 ·
345 2653 538 2708 sacrificiorum
555 2667 572 2704 a
589 2649 752 2718 presbyteris
770 2649 1043 2706 administrandorum
1060 2651 1149 2705 locum
1166 2651 1358 2721 praedicabant
1377 2654 1411 2720 (e.
1427 2657 1458 2708 41
1480 2670 1512 2723 p.
1525 2658 1565 2719 45,

348 2742 380 2792 19
398 2737 456 2805 sq.).
490 2735 533 2788 illi
549 2734 674 2803 Paulum,
695 2735 742 2802 qui
759 2734 931 2788 eeclesiarum
948 2734 1084 2804 praesides
1104 2736 1191 2790 noluit
1210 2737 1422 2799 Christianorum
1441 2735 1505 2790 fidei
1521 2736 1566 2790 do-

333 2811 452 2883 minari,
471 2819 518 2873 sed
530 2835 620 2872 eorum
637 2818 732 2887 gaudii
749 2818 885 2873 adiutores
903 2835 962 2873 esse
979 2819 1066 2872 uoluit
1086 2822 1113 2886 (2
1132 2819 1192 2874 Cor.
1211 2821 1233 2884 1,
1251 2823 1306 2890 21),
1330 2837 1383 2875 non
1407 2821 1492 2874 secuti
1512 2819 1566 2889 epi-

346 2921 441 2974 scopos
460 2907 488 2958 et
504 2903 630 2957 diaconos
647 2903 702 2956 iam
719 2906 782 2957 ante
803 2903 908 2970 plebem
929 2903 1103 2957 christianam
1125 2905 1287 2959 constitutos
1309 2904 1467 2959 asserebant
1484 2905 1517 2972 (ο.
1535 2908 1566 2958 42

347 3007 374 3059 p.
391 2992 432 3056 46,
452 2993 482 3041 15
502 2989 560 3056 sq.).
596 2987 626 3041 hi
644 2988 759 3042 fortasse
775 2988 897 3056 proprias
915 2988 1009 3042 laudes
1028 2988 1143 3042 nimium
1166 2987 1329 3043 extollebant
1338 2989 1371 3056 ¹),
1392 2988 1439 3042 sed
1463 3002 1565 3042 summo

345 3073 406 3126 iure
418 3071 573 3140 poscebant,
591 3074 623 3125 ut
634 3071 710 3141 plebs
722 3070 870 3125 christiana
881 3072 954 3125 virili
965 3074 1055 3142 potius
1068 3073 1168 3128 virtute
1184 3088 1265 3142 quam
1282 3074 1419 3127 senectute
1430 3073 1485 3126 iam
1496 3072 1577 3148 fessa¹

345 3158 495 3224 regeretur,
514 3155 557 3208 rel
574 3156 664 3224 potius
685 3156 822 3224 regiminis
844 3155 1020 3210 ecelesiastici
1037 3173 1090 3211 uon
1101 3157 1181 3226 plane
1201 3172 1293 3225 expers
1313 3159 1393 3210 esset.
1426 3157 1565 3211 victoriam

345 3241 375 3294 iu
392 3241 442 3294 hoo
460 3241 603 3294 certamina
623 3241 772 3308 reportavit
789 3239 855 3294 oleri
871 3241 1027 3296 auotoritas.
1061 3243 1120 3295 tota
1136 3241 1223 3309 igitur
1242 3241 1359 3310 epistula
1371 3240 1494 3308 quamvis
1506 3239 1566 3295 Clo·

346 3326 429 3379 monti
448 3340 570 3379 caesareo
587 3324 632 3378 rix
648 3323 792 3378 tribuenda
809 3323 886 3377 nohis
902 3327 1086 3392 repraesentat
1105 3324 1170 3379 olari
1189 3324 1364 3379 ecclesiastici
1382 3327 1565 3393 suprematum

344 3412 509 3476 nascentem,
527 3407 613 3476 plebis
632 3408 794 3462 christianae
812 3409 969 3463 servitutem
987 3409 1167 3478 incipientem.

411 3498 435 3546 4.
471 3492 637 3547 Corinthiam
656 3492 800 3556 ecclesiam,
820 3493 863 3546 cui
880 3493 946 3547 haec
964 3493 1081 3560 epistula
1098 3492 1228 3560 inscripta
1246 3493 1300 3555 est,
1319 3491 1398 3546 Pauli
1416 3491 1564 3546 doctrinam

342 3580 409 3632 tuno
426 3577 533 3632 omuino
549 3576 692 3630 retinuisse
709 3592 787 3630 nemo
806 3578 924 3645 negavit.
959 3576 1104 3631 sedetiam
1121 3576 1248 3630 Romana
1266 3575 1374 3628 eeclesia
1395 3575 1424 3628 in
1441 3575 1492 3629 hac
1509 3576 1563 3643 epi-

344 3663 417 3716 stula
434 3661 514 3715 Pauli
532 3659 681 3714 doctrinam
698 3659 818 3728 professa
836 3665 878 3715 est
895 3661 1018 3730 quamvis
1035 3660 1189 3728 mitigatam
1210 3676 1297 3728 neque
1312 3659 1367 3712 XII
1383 3659 1563 3728 apostolorum

342 3745 501 3800 auctoritati
518 3743 741 3811 adversantem).
777 3744 888 3797 summis
906 3744 986 3799 Pauli
1006 3742 1133 3798 laudibus
1152 3744 1228 3798 Petri
1250 3742 1466 3798 commemoratio
1488 3745 1562 3797 ante·

344 3829 453 3899 ponitur
470 3844 491 3882 e.
510 3833 524 3881 5
542 3844 568 3896 p.
587 3831 611 3890 9,
632 3830 647 3880 6
666 3843 713 3896 ιιι,
732 3844 823 3883 οιιιιιοι
846 3829 962 3898 apostoli
983 3831 1121 3896 tamquam
1142 3828 1245 3884 Christi
1266 3828 1351 3897 ipsius
1374 3827 1460 3896 legati
1480 3843 1563 3896 agno·

343 3915 457 3967 scantur
473 3929 497 3966 o.
515 3915 549 3964 42
566 3929 591 3980 p.
609 3915 656 3975 46,
676 3917 691 3968 8
711 3927 749 3979 sq.
768 3927 790 3965 c.
808 3917 841 3966 44
856 3917 945 3982 ρ.48,
966 3917 976 3966 1
997 3929 1036 3981 sq.
1055 3929 1076 3967 c.
1095 3919 1127 3966 41
1146 3929 1171 3981 p.
1190 3916 1286 3978 52,10.
1321 3910 1387 3966 fides
1410 3911 1562 3966 iustificam

342 4013 454 4066 operum
465 3995 586 4050 iustitiae
598 3995 742 4065 opponitur
753 4011 775 4048 c.
794 3999 827 4049 32
844 4013 871 4066 p.
884 3999 926 4064 31,
940 4001 969 4050 11
984 4013 1033 4065 sq.‚
1053 3996 1100 4051 sed
1117 3996 1184 4050 fides
1202 4011 1322 4065 operosa,
1339 3997 1382 4048 cui
1398 4011 1483 4064 neque
1493 3994 1563 4050 bona

342 4096 424 4149 opera
441 4095 526 4164 neque
543 4083 641 4134 caritas
658 4079 749 4134 deesse
767 4080 872 4148 possint
890 4085 922 4146 (o.
938 4083 968 4134 33
986 4097 1011 4148 p.
1023 4084 1065 4148 31,
1086 4084 1116 4134 16
1130 4083 1189 4148 sq.).
1223 4078 1293 4135 illud
1311 4078 1359 4134 διὰ
1375 4081 1506 4143 πίστεως
1517 4078 1563 4149 ἐρ-

341 4155 486 4232 γάζεσθαι
505 4156 691 4231 δικαιοσύνην
707 4162 800 4232 (Hebr.
819 4163 868 4226 XI,
886 4165 930 4230 33)
948 4163 1071 4218 Clemens
1089 4163 1129 4218 ita
1146 4165 1254 4218 secutus
1273 4165 1327 4228 est,
1349 4164 1387 4217 ut'
1398 4163 1562 4219 eiAbraha·

344 4263 403 4308 mus
415 4246 572 4302 benedictus
583 4246 719 4302 videretur
729 4240 917 4316 dructemirus
933 4248 983 4304 aul
996 4237 1137 4316 diritatem
1148 4246 1195 4302 διὰ
1207 4249 1335 4312 πίστεως
1345 4250 1471 4318 ποιήσας
1483 4250 1518 4316 (o.
1530 4252 1558 4303 31

413 4465 438 4533 1)
457 4466 489 4520 cf.
508 4481 530 4520 o.
549 4470 581 4519 14
598 4483 624 4534 p.
644 4469 684 4533 11,
704 4469 731 4522 11
752 4483 792 4537 eq.
812 4483 832 4521 c.
852 4471 880 4522 21
901 4483 926 4536 p.
946 4471 988 4530 21,
1007 4469 1022 4520 9
1040 4481 1079 4534 sq.
1101 4481 1123 4520 c.
1141 4470 1174 4521 39
1191 4482 1217 4535 p.
1236 4469 1278 4531 36,
1295 4469 1310 4520 8
1329 4481 1368 4535 sq.
1387 4481 1411 4522 c:
1426 4470 1458 4522 38
1476 4484 1501 4537 p.
1520 4471 1561 4530 43,

343 4541 375 4590 12
393 4550 438 4669 sii)
452 4537 575 4679 ‘diffluit
588 4536 925 4682 iicgdcsqiei'siieipoiii
940 4539 971 4655 iri
982 4549 1052 4656 libro
1065 4617 1136 4680 ineo:
1154 4601 1329 4722 Die'apostol.
1341 4603 1425 4657 Viter
1435 4618 1461 4670 p.
1475 4605 1508 4658 86
1521 4618 1560 4671 sq.

340 4673 370 4724 et
386 4685 415 4723 m
432 4667 658 4738 ephemerrdrbus:
679 4667 808 4754 Zertsehr.
826 4671 870 4724 fiir
886 4685 957 4724 uras.
977 4669 1121 4737 Theolog1e
1139 4673 1212 4724 1858.
1246 4669 1277 4724 V.
1295 4686 1322 4738 p.
1341 4672 1389 4724 512
1409 4686 1448 4738 sq.
1472 4712 1473 4716 .
