3402 5118
410 309 604 358 CLEMENTIS
624 310 690 358 EPI.
707 311 744 358 11.
761 310 866 360 ORIGO
887 311 932 358 ΕΤ
953 310 1108 360 INDOLES·
1291 313 1363 362 XLV

138 489 235 559 procul
256 489 346 555 abest,
373 491 401 544 et
417 489 465 546 illc
486 489 567 554 liber,
592 506 670 560 quem
691 491 806 546 Hermas
828 490 959 546 Clementi
980 491 1087 546 mittere
1104 490 1212 546 iubetur
1229 491 1362 554 arbensis

139 573 298 629 civitatibus
316 573 573 642 communicandum,
592 575 627 628 ab
644 575 759 630 Hermae
776 574 888 629 Pastore
906 591 960 630 non
977 577 1019 629 est
1036 574 1158 630 diversus
1165 577 1194 640 ¹).

206 657 322 712 candem
344 657 532 712 difficultatem
555 657 678 726 equidem
701 658 728 712 in
753 659 841 727 priore
863 657 979 714 editione
1001 658 1039 712 sic
1056 657 1179 727 expedire
1195 674 1277 714 ausus
1296 673 1362 715 sum.

138 743 290 796 Romanam
302 741 442 795 ecclesiam
457 742 581 810 episcopo
594 742 685 796 Sotere
700 743 981 811 (rot—175)c1tersm
995 741 1140 811 epistulam
1157 741 1192 798 ad
1209 742 1362 798 Corinthios

138 827 281 896 scripsisse
297 827 415 880 testatur
431 825 576 896 Dionysius
589 826 789 880 Corinthiorum
805 826 955 896 episcopus,
972 827 1020 894 qui
1030 826 1137 896 vigente
1150 825 1363 898 Christianorum

138 911 325 980 persecutione
346 909 476 964 Romanis
498 909 538 964 ita
560 910 709 980 respondit:
737 906 771 974 ἐξ
799 901 887 981 ἆρχῆς
913 903 969 979 γὰρ
990 904 1059 977 ὑμῖν
1086 905 1158 972 ἕδος
1178 905 1242 964 ἐστί
1263 912 1362 975 τοῦτο,

138 988 252 1057 πάντας
268 991 323 1060 μὲν
340 983 486 1062 ἀδελφοὺς
501 988 644 1058 ποικίλως
661 992 835 1063 εὐεργετεῖν,
852 989 1018 1062 ἐκκλησίαις
1035 1009 1068 1048 τε
1079 993 1202 1055 πολλοῖς
1212 998 1276 1056 ταῖς
1287 991 1364 1048 κατὰ

138 1080 237 1132 πᾶσαν
254 1069 341 1131 πόλιν
358 1071 465 1146 ἐφόδια
482 1075 623 1145 πέμπειν,
647 1066 708 1131 ὧδε
728 1073 784 1141 μὲν
806 1079 858 1145 την
877 1080 938 1130 τῶν
954 1073 1107 1144 δεομένων
1127 1078 1231 1131 πενίαν
1251 1066 1363 1145 ἀναψύ-

137 1177 254 1230 χοντας,
273 1157 306 1214 ἐν
322 1153 477 1227 μετάλλοις
494 1158 527 1216 δὲ
550 1151 690 1230 ἀδελφοῖς
710 1153 890 1231 ὑπάρχουσιν
912 1156 1162 1230 δπιχορηγοῦντας
1178 1151 1215 1214 δι’
1232 1149 1276 1214 ὧν
1293 1158 1364 1228 πέμ-

138 1261 210 1300 πετε
229 1237 359 1314 ἀρχῆθεν
380 1239 522 1314 ἐφοδίων,
547 1236 815 1315 πατροπαράδοτον
835 1236 907 1306 ἔθος
928 1232 1082 1310 Ῥωμαίων
1102 1232 1243 1310 Ῥωμαῖοι
1259 1245 1363 1316 διαφυ-

138 1321 306 1396 λάττοντες,
326 1319 342 1382 ὃ
360 1325 394 1382 οὔ
411 1320 505 1394 μόνον
522 1329 729 1397 διατετήρηκεν
747 1323 763 1380 δ
781 1322 928 1398 μακάριος
943 1321 1027 1393 ὑμῶν
1044 1325 1206 1388 ἐπίσκοπος
1218 1327 1363 1398 Σωτὴρλ),

139 1405 212 1468 ἀλλὰ
227 1413 279 1466 καί
296 1405 467 1480 ἐπηύξηκεν,
485 1409 670 1482 ἐπιχορηγῶν
686 1410 741 1479 μὲν
758 1405 810 1479 τὴν
825 1407 1064 1478 διαπεμπομένην
1081 1410 1237 1476 δαψίλειαν
1254 1403 1307 1480 τὴν
1322 1407 1365 1475 είς

138 1489 208 1558 τούς
225 1491 338 1565 ἁγίους,
355 1489 455 1564 λόγοις
472 1492 504 1550 δὲ
521 1495 680 1564 μακαρίοις
695 1489 765 1557 τοὺς
783 1488 918 1557 α’νιόντας
935 1483 1079 1562 οἷδελφοδς
1103 1485 1145 1556 ὡς
1161 1490 1249 1549 τέκνα
1267 1496 1363 1564 πατὴρ

138 1573 339 1649 φιλόστοργος
358 1581 537 1647 παρακαλῶν
560 1579 642 1647 (apud
663 1578 759 1634 Euscb.
778 1578 836 1632 ΗΕ.
854 1579 905 1646 IV,
927 1581 973 1644 23,
992 1581 1042 1646 10).
1077 1579 1209 1632 recentem
1226 1577 1363 1634 Romanae

138 1663 269 1720 ecclesiae
286 1662 431 1732 epistulam
447 1663 502 1717 iam
521 1662 563 1716 die
581 1661 713 1716 dominica
731 1662 837 1731 publice
859 1664 1022 1732 praelectam
1044 1661 1189 1732 Dionysius
1207 1661 1363 1718 Corinthius

138 1747 166 1814 (l.
184 1747 203 1802 l.
223 1749 248 1816 §-
269 1746 550 1816 theodemundus,
573 1740 616 1809 <bc
635 1747 686 1801 καί
707 1749 760 1815 την
780 1745 930 1817 προτέραν
951 1747 1019 1815 ἡμῖν
1039 1737 1088 1800 διὰ
1104 1745 1275 1824 Κλήμεντος
1291 1763 1362 1816 γρα-
1451 1800 1453 1808 ,

138 1836 255 1898 φεῖσαν,
273 1846 377 1899 semper
392 1829 543 1884 habendam
561 1847 619 1884 csse
636 1829 711 1885 dixit.
747 1830 833 1884 altera
854 1831 939 1897 igitur
954 1831 1134 1884 Romanorum
1152 1829 1271 1898 epistula
1288 1829 1361 1899 apud

135 1914 292 1970 Corinthios
317 1915 414 1983 priori,
440 1930 521 1983 quam
547 1914 670 1969 Clemens
693 1913 832 1982 scripsisse
855 1913 1003 1978 ferebatbr,
1025 1913 1079 1968 iam
1101 1912 1259 1968 addebatur.
1279 1904 1360 1968 'num

134 1998 242 2065 mirum,
262 1997 285 2051 si
301 1999 434 2066 paulatim
451 2001 478 2052 et
496 1999 556 2067 ipsa
573 1998 705 2053 Clementi
722 1997 859 2066 adscripta
870 1997 985 2053 Eusebio
1003 1997 1121 2051 innotuit
1133 1999 1161 2050 et
1177 1997 1209 2050 in
1219 1997 1281 2051 eliis
1294 2013 1360 2065 quo-

137 2100 187 2154 qne
205 2082 327 2137 ecclesiis
344 2085 483 2150 tamquam
505 2083 652 2137 Clementis
676 2081 762 2135 altera
788 2083 905 2150 epistula
926 2081 961 2136 ad
982 2080 1137 2135 Corinthios
1159 2080 1358 2149 publicabatur,

135 2167 204 2235 ipsis
225 2165 298 2220 Novi
318 2165 483 2220 Testamenti
508 2167 585 2219 libris
610 2165 694 2220 sacris
715 2165 882 2221 addebatur?
908 2166 974 2219 haec
1001 2166 1123 2219 statuens
1145 2164 1221 2218 illam
1245 2163 1362 2218 difficul-
1467 2151 1468 2156 ί

135 2253 220 2305 tatem
241 2249 385 2304 sustulisse
402 2249 469 2302 mihi
487 2248 604 2304 uidebar.
644 2265 708 2302 nam
728 2248 821 2303 eudem
842 2249 897 2303 lere
917 2251 1018 2312 aetate,
1037 2264 1090 2316 qua
1106 2249 1285 2302 Romanorum
1302 2249 1360 2318 epi·

70 2331 72 2335 ’
136 2351 233 2403 scopus
252 2333 330 2388 Soter
347 2333 494 2387 Corinthiis
511 2333 627 2402 scripsit,
645 2333 726 2386 etiam
744 2332 891 2388 Clementis
909 2334 956 2401 qui
973 2331 1073 2385 dieitur
1085 2333 1197 2386 alteram
1214 2332 1359 2400 epistulam

135 2418 316 2484 conscriptam
338 2433 397 2472 esse
421 2418 534 2472 constat.
570 2417 635 2472 haec
657 2419 748 2471 autern
771 2417 887 2486 epistula
904 2432 926 2469 c.
946 2420 958 2469 1
977 2432 1003 2484 p.
1022 2419 1063 2483 69,
1083 2420 1098 2470 3
1115 2431 1154 2484 sq.
1172 2416 1226 2470 iam
1242 2416 1360 2470 Praxeae

136 2501 287 2556 doctrinam
312 2500 431 2555 redolere
452 2499 606 2566 ridebatur,
634 2502 681 2569 qui
706 2501 876 2570 „episcopum
895 2500 1045 2554 Romanum
1068 2500 1252 2566 (Eleutherum
1277 2505 1359 2555 llb—

137 2589 195 2653 190)
222 2587 412 2654 agnoscentem
438 2585 493 2636 iarn
513 2585 669 2654 prophetias
690 2585 820 2647 Montani,
842 2583 959 2648 Priscae,
981 2583 1144 2638 Maximillae
1166 2615 1199 2623 -
1216 2585 1360 2654 -coegit

136 2671 163 2724 et
185 2669 293 2723 litteras
315 2669 389 2737 pacis
406 2684 530 2722 revocare
554 2669 609 2722 iam
634 2669 746 2724 emissas
771 2672 799 2722 et
821 2685 837 2722 a
858 2667 995 2736 proposito
1020 2666 1231 2737 recipiendormn
1257 2669 1359 2724 charis·

135 2756 241 2820 matum
267 2767 431 2806 concessare.
472 2753 512 2806 ita
535 2750 587 2806 duo
609 2751 719 2820 negotia
739 2750 840 2806 diaboli
857 2752 972 2806 Praxeas
989 2752 1090 2806 Romae
1107 2752 1274 2820 procurarit,
1298 2769 1358 2820 pro-

135 2837 257 2906 phetiam
275 2837 377 2905 expulit
394 2839 421 2890 et
439 2835 561 2890 haeresin
578 2836 687 2904 intulit,
707 2835 874 2906 paracletum
895 2835 1002 2903 fugavit
1026 2839 1054 2890 et
1080 2839 1185 2904 putrem
1208 2825 1358 2891 crucifixit‘

136 2919 306 2991 (Tertullian.
324 2919 384 2974 adv.
399 2921 477 2974 Prax.
495 2936 518 2974 c.
532 2922 566 2989 1).
600 2920 666 2990 quid
677 2920 783 2987 mirum,
803 2920 857 2973 iam
872 2919 953 2974 buius
966 2920 1098 2988 epistulae
1111 2920 1267 2988 scriptorem
1279 2936 1359 2975 evan-

204 3156 228 3222 1)
247 3153 418 3222 Hagcmanni
439 3154 493 3208 fere
516 3154 677 3207 sententiam
700 3153 819 3209 defendit
836 3155 1030 3210 Constantinus
1054 3154 1204 3208 Skwornow
1222 3155 1356 3221 (Patrolo-

133 3222 227 3291 gische
245 3221 496 3342 Uutcpsiuchungcn,
513 3221 578 3274 iiber
596 3221 738 3291 Ursprung
754 3222 802 3300 der
837 3221 1061 3302 rpblematischen
1079 3222 1213 3276 Schriften
1231 3221 1279 3276 der
1296 3239 1359 3290 apo·

135 3290 524 3437 ἓίδιιδλᾱοίιθδίελιδίίμιῗδδίιδο
536 3293 598 3409 4ιίοιι
605 3289 1357 3436 5gir’oibbotmrlhvenrrceffl(llm{merorlc)irgrlie'arce)1(liolhrr'irle’ni80⁸}

135 3423 564 3490 Antrchrrstum,cf.1ustrn.ld.
584 3423 653 3477 Dral.
672 3439 694 3477 c.
713 3428 753 3478 32.
771 3427 813 3478 39.
833 3427 905 3488 110),
929 3438 992 3491 qura
1014 3425 1136 3478 nonnulli
1157 3417 1288 3491 (οἵτινες)
1309 3423 1357 3477 hc·

135 3492 241 3545 minum
258 3493 346 3545 metus
363 3490 502 3554 inducunt,
519 3490 646 3554 fructum,
663 3491 710 3558 qui
726 3491 770 3544 hic
788 3493 837 3554 est,
876 3490 1036 3545 raeierentes
1053 3491 1160 3545 futurae
1195 3490 1356 3544 remissioni.

135 3591 168 3599 -
187 3562 215 3613 et
235 3558 259 3612 si
278 3559 329 3612 soli
344 3558 410 3611 haec
428 3559 554 3626 iacerent,
572 3557 712 3612 tolerabile
730 3561 809 3625 esset,
827 3505 874 3612 εεδ
891 3561 1062 3627 perseverant
1077 3559 1146 3612 male
1182 3560 1288 3612 occutes
1301 3559 1359 3611 ani-

135 3643 203 3694 mas,
222 3642 290 3695 quae
307 3626 413 3679 veniam
430 3627 538 3694 assequi
553 3629 663 3694 possent
681 3618 745 3693 (τὰς
763 3616 897 3689 δνετίους
917 3620 1024 3694 ψυχάς,
1046 3626 1124 3695 quasi
1146 3624 1248 3692 scripta
1270 3629 1359 3679 essent

135 3691 188 3757 τδις
206 3685 465 3764 controversoque,
483 3709 549 3762 quae
566 3696 594 3747 et
610 3694 670 3761 ipsc
687 3693 796 3746 tolerari
813 3709 866 3746 non
883 3695 1028 3762 possuntt).
1062 3693 1146 3746 fuisse
1163 3693 1210 3760 qui
1227 3692 1358 3747 Christia-

135 3777 185 3815 nos
202 3762 350 3815 terruerint
367 3760 501 3826 decentes,
519 3765 660 3828 peccantes
679 3761 707 3814 in
724 3760 887 3816 Antichristi
910 3762 1045 3830 potestate
1069 3761 1231 3828 sempiterna
1253 3761 1357 3814 iuturus

136 3844 203 3883 esse.
229 3828 296 3882 haec
308 3827 440 3882 illustrari
451 3827 566 3882 Hermae
584 3830 700 3896 pastore,
720 3830 843 3897 quamvis
858 3845 911 3882 non
929 3844 1037 3896 prorsus
1055 3829 1224 3895 congruente.
1254 3843 1316 3881 nam
1332 3831 1357 3894 1)

136 3897 302 3950 Clementem
325 3895 372 3964 qni
393 3894 493 3949 dicitur
512 3895 676 3949 Antichristi
698 3893 830 3950 incarnati
852 3895 1041 3976 cogitationem
1062 3911 1151 3949 arcere
1168 3895 1259 3964 potius
1277 3911 1356 3964 quam
1452 3955 1455 3962 ,

134 3963 286 4042 inculcare3
303 3964 330 4030 2)
348 3961 462 4042 eundem
479 3963 625 4042 parciorem
643 3979 701 4017 esse
718 3963 765 4042 iu·
783 3979 891 4018 memus
931 3963 1101 4016 remittendis
1126 3966 1154 4041 et
1179 3961 1265 4042 solum
1287 3963 1357 4042 sola-

134 4034 204 4084 trum
222 4030 312 4084 breris
329 4031 551 4099 peregnnatronrs
568 4033 689 4084 terrenae
706 3981 840 4092 exhrberm
864 4033 890 4097 3)
909 3980 1071 4085 Clementem
1093 4046 1140 4099 qur
1158 4029 1256 4083 dicrtur
1273 4031 1355 4084 alrum

153 4098 317 4153 senitentiae
334 4097 414 4150 finem
432 4113 485 4150 non
505 4114 584 4152 nosse
601 4097 655 4150 uiri
673 4098 745 4152 vitae
764 4099 873 4152 exitum.
907 4098 978 4150 hunc
998 4099 1080 4167 paulo
1102 4097 1281 4166 antiquiorem
1299 4113 1356 4152 csse

134 4115 251 4222 hermae
268 4167 390 4233 pastore,
412 4164 460 4218 ubi
481 4165 555 4219 illius
574 4166 691 4244 epistula
707 4165 761 4219 ianr
779 4168 925 4220 memorata
944 4166 980 4218 sit
1002 4166 1068 4231 (Vis.
1086 4165 1124 4234 Π,
1141 4165 1181 4231 4),
1204 4165 1355 4234 conscripta

135 4233 169 4288 ad
186 4232 332 4304 placandos
350 4233 452 4287 animos
470 4232 632 4286 Antichnsti
650 4233 848 4302 exspectatione
867 4232 997 4286 turbatos.

202 4303 229 4369 2)
249 4300 327 4355 Soter
353 4301 435 4354 ctiam
462 4303 597 4369 superstes
622 4299 718 4354 beatus
744 4299 799 4354 dici
820 4303 938 4370 poterat,
962 4299 1183 4367 quemadmodum
1204 4299 1356 4354 Alexander

134 4368 398 4453 Hierosolpmtauus
416 4367 499 4436 (apud
515 4367 612 4422 Euseb.
630 4368 688 4422 ΗΕ.
705 4368 753 4434 VI,
773 4371 813 4434 11,
832 4369 858 4436 6)
880 4367 1055 4421 Antiochenis
1074 4367 1196 4436 scripsit:
1214 4372 1305 4440 ταῦτα
1323 4365 1356 4422 δὲ

134 4431 212 4505 ὑμῖν,
231 4436 329 4506 καριοί
346 4453 404 4502 μου
422 4426 556 4503 ἀδελφοί,
582 4431 619 4489 τίι
656 4432 793 4506 ράμματα
811 4429 965 4489 ἐπέστειλα
984 4427 1033 4488 διὰ
1049 4435 1219 4504 Κλήμεντος
1234 4439 1287 4489 τοῦ
1304 4453 1356 4501 μα-

134 4493 1044 4640 {trittinsidiandisultnttlntttltlltull
1061 4496 1124 4625 lt?
1141 4503 1191 4622 ’ii'
1208 4495 1356 4639 ilites

137 4642 371 4760 ceterum'tparum
393 4639 487 4702 refert,
510 4638 533 4691 si
557 4636 634 4691 modo
657 4639 762 4692 mortuo
782 4637 873 4692 Sotere
893 4637 1039 4706 Dionysius
1056 4637 1211 4693 Corinthius
1228 4637 1355 4692 Romanis

136 4721 282 4775 rescrrpsr.
