3442 5116
638 357 840 442 nssunrrro.
1285 344 1349 408 113

131 561 214 624 quac
227 537 372 606 inMosis
384 559 446 604 ass.
457 537 578 622 Vsum
590 561 620 625 p.
635 543 754 616 12015
769 547 906 626 quatuor
917 540 1142 626 imperatores:
1157 531 1349 624 Augustum,

131 654 312 737 Tiberium,
326 654 450 737 Caium,
467 654 642 722 Claudium
657 653 850 741 significant,
865 655 952 721 Ioan.
963 654 1101 742 Apocal.
1114 653 1222 736 XVII,
1236 631 1273 720 10
1282 655 1350 720 iam

132 773 280 858 quintum
311 770 440 836 addidit
460 771 624 836 Neronem
651 763 696 850 (ci
717 764 817 834 πέντε
838 763 980 849 ἔπεσαν).
1022 781 1054 836 01
1073 769 1176 837 Mcsis
1205 792 1269 836 ass.
1290 769 1350 852 IX,

131 891 171 953 24
193 909 225 974 p.
245 891 313 969 122,
337 891 384 969 12,
407 886 462 952 ubi
483 909 601 952 nomen
629 889 743 977 pruina
766 909 884 974 graeco
907 909 1041 952 numero
1067 881 1166 955 TEF'
1188 885 1350 950 redditum

132 1025 204 1070 esse
242 1002 385 1085 videtur,
421 1011 550 1069 'secutus
583 1001 722 1069 Ioannes
752 1001 888 1089 Apocal.
923 1003 1022 1086 XIII,
1059 1007 1097 1070 18
1135 1025 1252 1068 nomen
1287 1001 1350 1066 Ne-

132 1120 221 1184 ronis
244 1117 396 1184 Caesaris
418 1122 495 1201 (nup
517 1123 594 1200 ιιῆι)
616 1141 734 1205 graeco
762 1141 896 1185 numero
916 1111 984 1198 χξς’
1006 1118 1203 1206 indigitavit.
1241 1118 1357 1205 Evam·

133 1234 252 1320 gelium
285 1234 462 1300 secundum
491 1233 695 1301 Matthasum
715 1234 825 1318 XVII,
853 1241 938 1322 3sq.
982 1234 1077 1300 Elias
1103 1236 1137 1299 in
1164 1233 1271 1300 caelos
1301 1255 1351 1299 re-

134 1359 227 1438 cepto
249 1353 315 1417 iam
337 1351 465 1416 addidit
485 1349 620 1417 Mosem.
661 1350 838 1418 Clementis
859 1351 1000 1416 Romani
1027 1350 1168 1438 epistula
1198 1348 1235 1430 (I,
1258 1355 1296 1416 17
1320 1371 1351 1435 p.

132 1471 252 1548 22,11)
274 1466 375 1533 Mosis
401 1466 504 1533 verba
525 1463 588 1550 ἐγώ
619 1461 657 1530 δέ
678 1459 746 1548 εἶμι
773 1461 869 1548 ἀτμὶς
895 1461 967 1534 ἀπὸ,
994 1460 1120 1547 scribens
1144 1468 1203 1532 vix
1223 1488 1265 1531 ex
1288 1465 1351 1531 alio

133 1583 216 1649 libro
228 1585 351 1671 recepit
362 1605 459 1670 quam
473 1605 490 1648 s
504 1581 607 1649 Mosis
623 1585 852 1671 assumptione.
881 1582 1080 1671 phoenicem,
1092 1605 1187 1670 quem
1200 1581 1352 1648 Clemens

132 1699 299 1765 Romanus
309 1699 370 1787 epi.
383 1699 409 1781 I,
422 1721 449 1764 c.
459 1705 500 1766 25
514 1722 545 1786 p.
559 1703 608 1778 31,
620 1704 639 1765 6
654 1721 704 1786 sq.
738 1698 924 1777 celebravit,
935 1700 1000 1764 iam
1009 1699 1119 1765 Moses
1133 1698 1188 1764 ille
1202 1700 1236 1762 in
1249 1696 1352 1764 libelli

132 1815 345 1902 inscriptions
367 1821 410 1900 (p.
429 1821 498 1893 115,
513 1819 546 1896 4)
565 1816 764 1881 memoravit.
794 1817 829 1880 in
844 1815 936 1880 Actis
952 1813 1173 1903 apostolorum
1195 1813 1279 1897 (VII,
1300 1818 1351 1892 36)

133 1930 339 1997 Roensehius
360 1931 486 1995 invenit
499 1929 665 1996 Mosaicae
684 1929 925 2018 Assumptionis
949 1927 1019 2012 (HI,
1036 1937 1072 1997 11
1096 1954 1126 2018 p.
1147 1936 1215 2012 118,
1239 1937 1275 1997 11
1293 1935 1353 2017 sq.)

135 2048 319 2134 vestigium.
356 2069 439 2133 quae
460 2045 563 2110 Iudae
591 2046 732 2132 epistula
759 2070 789 2112 v.
808 2053 827 2114 9
849 2047 890 2111 de
915 2045 1075 2120 Michaele
1101 2044 1296 2131 archangelo
1323 2055 1354 2110 et

136 2163 266 2228 diabolo
281 2171 416 2250 propter
429 2161 532 2228 Mosis
551 2165 670 2227 mortui
687 2184 804 2247 corpus
818 2162 1022 2248 litigantibus
1043 2160 1163 2244 retulit,
1181 2170 1292 2248 patres
1311 2159 1354 2224 ad

134 2279 238 2345 Mosis
259 2277 526 2366 Assumptionem
547 2288 794 2345 revocaverunt.
826 2280 923 2343 etiam
939 2277 1088 2344 Clemens
1110 2276 1353 2342 Alexandrinus

136 2393 354 2471 (Adumbratt.
381 2396 415 2458 in
445 2395 506 2479 epi.
525 2372 594 2460 Iud.
614 2418 644 2482 p.
669 2401 773 2474 1008):
815 2394 880 2477 ,hic
906 2395 1075 2459 confirmat
1100 2394 1354 2481 assumptionem

136 2509 284 2598 Moysis‘.
327 2509 621 2577 Pseudo-Clemens
642 2510 808 2589 Romanus
829 2497 927 2576 Hom.
949 2509 1009 2592 III,
1031 2517 1070 2576 47
1096 2504 1155 2592 τὴν
1182 2503 1356 2584 Μωυσέως

136 2619 312 2714 ἀνάληψιν
345 2629 538 2693 memoravit
565 2636 597 2692 et
621 2626 779 2714 Aegyptii
806 2627 937 2693 caedem
967 2625 1148 2704 (ExodIl,
1172 2630 1237 2708 12),
1264 2627 1355 2690 euius

138 2742 289 2809 diabolus
304 2742 428 2809 Mosem
450 2744 482 2808 in
504 2743 756 2830 ,Assumptione’
780 2745 956 2825 accusavit,
978 2741 1075 2809 Hom.
1098 2741 1140 2820 II,
1154 2747 1193 2808 52
1214 2742 1355 2847 negavit

49 2906 51 2914 ·
139 2860 337 2927 Clementem
359 2881 412 2940 ea,
440 2881 523 2946 quae
544 2857 661 2924 Strom.
683 2858 744 2942 VI,
769 2865 815 2941 15,
839 2863 897 2925 132
924 2882 955 2946 p.
979 2862 1039 2926 806
1055 2881 1102 2946 sq.
1129 2857 1170 2922 de
1191 2856 1283 2923 Mose
1306 2879 1355 2922 as·
1425 2851 1466 2877 ·’

139 2985 268 3063 sumpto
290 2974 410 3056 retulit,
439 2975 580 3040 eMosis
603 2975 823 3061 assumptione
845 2975 1004 3057 hausisse,
1026 2977 1110 3040 inter
1131 2976 1221 3039 viros
1244 2973 1356 3039 doctos

139 3100 275 3158 constat.
321 3090 481 3178 Origenes
503 3091 555 3169 (ds
577 3090 761 3179 princlll,
779 3095 808 3172 2,
825 3097 839 3156 1
859 3113 892 3177 p.
910 3093 981 3171 138)
1005 3091 1148 3177 scripsit:
1168 3092 1214 3173 ,in
1234 3089 1357 3154 Ascen-

109 3269 111 3276 ,
141 3209 231 3274 sione
252 3205 374 3295 Moysi,
403 3208 495 3272 cuius
516 3205 619 3271 libelli
640 3207 787 3272 meminit
807 3207 841 3271 in
863 3206 1004 3293 epistula
1032 3229 1091 3270 aua
1117 3205 1284 3294 apostolus
1305 3204 1357 3270 lu·

131 3323 219 3389 das‘.
263 3323 398 3388 eundem
424 3322 543 3388 librum
568 3321 757 3408 indigitavit
779 3321 938 3407 Origenes
965 3323 999 3385 in
1025 3322 1112 3387 Iosu.
1147 3320 1245 3386 Hem.
1274 3319 1356 3402 II,1

91 3503 94 3508 ,
140 3439 239 3527 (Opp.
262 3438 306 3522 H,
329 3445 388 3506 400
402 3444 475 3526 sq.):
496 3440 530 3504 in
551 3437 661 3503 libello
684 3437 834 3524 quodam,
855 3436 933 3501 licet
953 3438 988 3501 in
1010 3458 1133 3502 canone
1153 3459 1218 3502 non
1239 3436 1358 3502 habea·

139 3566 199 3637 tur,
223 3557 371 3642 mysterii
393 3565 501 3621 tamen
522 3555 620 3620 huius
641 3554 748 3640 figura
776 3553 980 3620 describitur.
1019 3552 1183 3640 Didymus
1204 3552 1300 3618 Alex.
1325 3554 1360 3617 in

141 3672 205 3759 spi.
225 3670 297 3735 Iud.
319 3670 486 3750 (Calland.
508 3669 593 3737 Bibl.
615 3670 672 3748 VI,
694 3677 767 3751 407)
798 3671 895 3735 etiam
922 3669 1074 3756 Moyseos
1104 3669 1360 3756 assumptionem

141 3789 343 3853 memoravit.
390 3786 613 3874 Apollinarius
638 3785 878 3866 (Laodicensis)
905 3788 939 3851 in
963 3784 1093 3852 Scholio
1115 3786 1161 3864 (in
1182 3784 1361 3872 Nicephori

141 3903 266 3969 Catena
287 3903 335 3968 ed.
358 3903 448 3990 Lips.
474 3908 561 3970 1792.
585 3903 624 3966 Τ.
645 3903 671 3967 Ι.
694 3925 725 3988 p.
743 3906 835 3982 1313)
854 3902 941 3967 hunc
961 3902 1083 3968 librum
1104 3902 1188 3966 inter
1209 3900 1291 3966 alios
1312 3901 1360 3965 in-

143 4019 304 4106 digitavit,
327 4020 394 4085 iam
416 4018 634 4106 apocryphos,
657 4020 713 4104 qui
728 4019 830 4085 Mosis
845 4018 1047 4105 temporibus
1062 4019 1253 4083 exstiterint.
1281 4017 1360 4103 Epi-

142 4134 281 4220 phanius
303 4134 414 4214 (Haer.
435 4133 496 4217 IX,
518 4141 546 4201 4.
568 4158 599 4223 p.
622 4138 662 4202 28
677 4135 802 4213 Petav.)
822 4134 925 4200 Mosis
946 4113 1167 4221 assumptione
1189 4156 1267 4198 usus
1290 4155 1361 4198 esse

143 4249 276 4316 videtur.
323 4251 527 4337 Augustinus
558 4252 605 4329 (in
634 4272 682 4316 ev.
707 4250 839 4316 Ioannis
865 4260 959 4315 tract.
991 4249 1147 4324 CXXIV)
1181 4250 1283 4314 Mosis
1311 4271 1362 4314 as-

145 4368 362 4454 sumptionem
385 4367 526 4454 quodam
548 4367 644 4433 modo
666 4368 783 4453 tetigit.
823 4365 970 4432 Euodius
994 4369 1166 4454 episcopus
1188 4365 1362 4432 Uzalensis

144 4483 196 4564 (cf.
219 4483 397 4570 Augustini
418 4483 512 4570 epist.
530 4488 601 4562 158)
622 4483 808 4568 Augustino
832 4483 976 4567 scripsit:
998 4483 1043 4564 ,in
1059 4481 1259 4569 apocryphis
1284 4488 1315 4546 et
1329 4482 1363 4545 in

146 4601 279 4665 secretis
300 4601 405 4686 ipsius
426 4599 546 4687 Moysi,
569 4620 652 4688 quas
667 4600 831 4686 scriptura
852 4606 943 4663 caret
960 4598 1172 4662 auctoritate‘.
1212 4596 1363 4663 Celasius

145 4712 329 4800 Cyzicenus
350 4718 385 4780 in
410 4693 504 4781 Actis
532 4715 657 4803 Synodi
682 4716 752 4780 Nic.
774 4714 817 4792 Π,
842 4717 890 4780 18.
912 4719 952 4781 20
986 4711 1141 4778 nonnulla
1165 4711 1289 4793 retulit,
1317 4703 1365 4787 ὡς

195 4814 377 4867 mmmm),
388 4816 453 4860 nov.
465 4816 575 4860 ussrsn.
598 4822 684 4862 saras
695 4820 822 4858 esuounn.
844 4821 916 4860 usse.
928 4823 946 4859 1.
957 4823 991 4857 nn
1003 4823 1031 4857 n.
1192 4813 1207 4862 8
