<?xml version="1.0" encoding="UTF-8"?>
<!DOCTYPE html PUBLIC "-//W3C//DTD XHTML 1.0 Transitional//EN"
    "http://www.w3.org/TR/xhtml1/DTD/xhtml1-transitional.dtd">
<html xmlns="http://www.w3.org/1999/xhtml" xml:lang="en" lang="en">
 <head>
  <title>
</title>
<meta http-equiv="Content-Type" content="text/html;charset=utf-8" />
  <meta name='ocr-system' content='tesseract 3.04.00' />
  <meta name='ocr-capabilities' content='ocr_page ocr_carea ocr_par ocr_line ocrx_word'/>
</head>
<body>
  <div class='ocr_page' id='page_1' title='image "./clementisromani00hilggoog_0164.png"; bbox 0 0 3442 5116; ppageno 0'>
   <div class='ocr_carea' id='block_1_1' title="bbox 161 1235 1465 2497">
    <p class='ocr_par' dir='ltr' id='par_1_1' title="bbox 161 1235 1465 2381">
     <span class='ocr_line' id='line_1_1' title="bbox 245 1235 1458 1326; baseline 0 -25"><span class='ocrx_word' id='word_1_1' title='bbox 245 1236 438 1304; x_wconf 91' lang='lat' dir='ltr'><strong>Michaelem</strong></span> <span class='ocrx_word' id='word_1_2' title='bbox 468 1238 697 1326; x_wconf 83' lang='lat' dir='ltr'>archangelum</span> <span class='ocrx_word' id='word_1_3' title='bbox 728 1247 759 1304; x_wconf 92' lang='lat' dir='ltr'><strong>et</strong></span> <span class='ocrx_word' id='word_1_4' title='bbox 785 1237 948 1307; x_wconf 86' lang='lat' dir='ltr'><strong>diabolum</strong></span> <span class='ocrx_word' id='word_1_5' title='bbox 972 1237 1012 1302; x_wconf 92' lang='lat' dir='ltr'><strong>de</strong></span> <span class='ocrx_word' id='word_1_6' title='bbox 1037 1235 1139 1304; x_wconf 90' lang='lat' dir='ltr'><strong>Mosis</strong></span> <span class='ocrx_word' id='word_1_7' title='bbox 1167 1238 1284 1303; x_wconf 91' lang='lat' dir='ltr'><strong>mortui</strong></span> <span class='ocrx_word' id='word_1_8' title='bbox 1310 1259 1378 1302; x_wconf 88' lang='lat' dir='ltr'><strong>cor·</strong></span> <span class='ocrx_word' id='word_1_9' title='bbox 1452 1275 1458 1282; x_wconf 71' lang='lat'>‚</span> 
     </span>
     <span class='ocr_line' id='line_1_2' title="bbox 165 1353 1378 1444; baseline -0.001 -25"><span class='ocrx_word' id='word_1_10' title='bbox 165 1377 241 1442; x_wconf 92' lang='lat' dir='ltr'><strong>pore</strong></span> <span class='ocrx_word' id='word_1_11' title='bbox 263 1366 405 1421; x_wconf 76' lang='lat' dir='ltr'><strong>certasse</strong></span> <span class='ocrx_word' id='word_1_12' title='bbox 426 1357 527 1422; x_wconf 90' lang='lat' dir='ltr'><strong>Iudae</strong></span> <span class='ocrx_word' id='word_1_13' title='bbox 550 1359 612 1444; x_wconf 91' lang='lat' dir='ltr'><strong>epi.</strong></span> <span class='ocrx_word' id='word_1_14' title='bbox 633 1361 699 1423; x_wconf 88' lang='lat' dir='ltr'><strong>v.9</strong></span> <span class='ocrx_word' id='word_1_15' title='bbox 718 1355 839 1422; x_wconf 79' lang='lat' dir='ltr'><strong>retulit</strong></span> <span class='ocrx_word' id='word_1_16' title='bbox 875 1378 970 1443; x_wconf 90' lang='lat' dir='ltr'><strong>quam</strong></span> <span class='ocrx_word' id='word_1_17' title='bbox 992 1356 1213 1420; x_wconf 84' lang='lat' dir='ltr'><strong>narrationem</strong></span> <span class='ocrx_word' id='word_1_18' title='bbox 1227 1356 1294 1420; x_wconf 91' lang='lat' dir='ltr'><strong>iam</strong></span> <span class='ocrx_word' id='word_1_19' title='bbox 1309 1353 1378 1419; x_wconf 88' lang='lat' dir='ltr'><strong>Ori-</strong></span> 
     </span>
     <span class='ocr_line' id='line_1_3' title="bbox 164 1471 1378 1560; baseline -0.001 -23"><span class='ocrx_word' id='word_1_20' title='bbox 164 1495 262 1558; x_wconf 84' lang='lat' dir='ltr'><strong>genes</strong></span> <span class='ocrx_word' id='word_1_21' title='bbox 284 1482 316 1537; x_wconf 89' lang='lat' dir='ltr'><strong>et</strong></span> <span class='ocrx_word' id='word_1_22' title='bbox 337 1471 504 1560; x_wconf 78' lang='lat' dir='ltr'><strong>Didymus</strong></span> <span class='ocrx_word' id='word_1_23' title='bbox 525 1473 768 1538; x_wconf 84' lang='lat' dir='ltr'><strong>Alexandrinus</strong></span> <span class='ocrx_word' id='word_1_24' title='bbox 790 1495 832 1537; x_wconf 91' lang='lat' dir='ltr'><strong>ex</strong></span> <span class='ocrx_word' id='word_1_25' title='bbox 853 1473 1083 1559; x_wconf 88' lang='lat' dir='ltr'><strong>Assumptione</strong></span> <span class='ocrx_word' id='word_1_26' title='bbox 1104 1471 1207 1537; x_wconf 90' lang='lat' dir='ltr'><strong>Mosis</strong></span> <span class='ocrx_word' id='word_1_27' title='bbox 1229 1471 1378 1536; x_wconf 77' lang='lat' dir='ltr'><strong>haustam</strong></span> 
     </span>
     <span class='ocr_line' id='line_1_4' title="bbox 164 1587 1379 1682; baseline -0.001 -28"><span class='ocrx_word' id='word_1_28' title='bbox 164 1611 232 1654; x_wconf 89' lang='lat' dir='ltr'><strong>esse</strong></span> <span class='ocrx_word' id='word_1_29' title='bbox 254 1589 468 1656; x_wconf 88' lang='lat' dir='ltr'><strong>tradiderunt.</strong></span> <span class='ocrx_word' id='word_1_30' title='bbox 484 1591 508 1668; x_wconf 88' lang='grc'><strong>1)</strong></span> <span class='ocrx_word' id='word_1_31' title='bbox 543 1613 647 1678; x_wconf 92' lang='lat' dir='ltr'><strong>neque</strong></span> <span class='ocrx_word' id='word_1_32' title='bbox 668 1589 718 1654; x_wconf 90' lang='lat' dir='ltr'><strong>his</strong></span> <span class='ocrx_word' id='word_1_33' title='bbox 740 1589 889 1677; x_wconf 90' lang='lat' dir='ltr'><strong>patribus</strong></span> <span class='ocrx_word' id='word_1_34' title='bbox 905 1589 1061 1654; x_wconf 91' lang='lat' dir='ltr'><strong>ecclesiae</strong></span> <span class='ocrx_word' id='word_1_35' title='bbox 1083 1588 1164 1682; x_wconf 75' lang='lat' dir='ltr'><strong>fides</strong></span> <span class='ocrx_word' id='word_1_36' title='bbox 1187 1587 1379 1675; x_wconf 89' lang='lat' dir='ltr'><strong>deneganda</strong></span> 
     </span>
     <span class='ocr_line' id='line_1_5' title="bbox 164 1704 1377 1794; baseline -0.002 -22"><span class='ocrx_word' id='word_1_37' title='bbox 164 1715 221 1790; x_wconf 88' lang='lat' dir='ltr'><strong>est,</strong></span> <span class='ocrx_word' id='word_1_38' title='bbox 244 1729 344 1794; x_wconf 92' lang='lat' dir='ltr'><strong>quum</strong></span> <span class='ocrx_word' id='word_1_39' title='bbox 362 1707 475 1772; x_wconf 91' lang='lat' dir='ltr'><strong>eadem</strong></span> <span class='ocrx_word' id='word_1_40' title='bbox 500 1706 640 1794; x_wconf 85' lang='lat' dir='ltr'><strong>epistula</strong></span> <span class='ocrx_word' id='word_1_41' title='bbox 661 1731 699 1783; x_wconf 61' lang='lat' dir='ltr'><strong>v„</strong></span> <span class='ocrx_word' id='word_1_42' title='bbox 715 1713 762 1772; x_wconf 86' lang='grc'><strong>14.</strong></span> <span class='ocrx_word' id='word_1_43' title='bbox 786 1713 823 1772; x_wconf 86' lang='grc'><strong>15</strong></span> <span class='ocrx_word' id='word_1_44' title='bbox 854 1708 951 1772; x_wconf 88' lang='lat' dir='ltr'><strong>etiam</strong></span> <span class='ocrx_word' id='word_1_45' title='bbox 972 1705 1100 1772; x_wconf 87' lang='lat' dir='ltr'><strong>Enochi</strong></span> <span class='ocrx_word' id='word_1_46' title='bbox 1122 1705 1242 1771; x_wconf 91' lang='lat' dir='ltr'><strong>librum</strong></span> <span class='ocrx_word' id='word_1_47' title='bbox 1263 1704 1377 1770; x_wconf 91' lang='lat' dir='ltr'><strong>lauda·-</strong></span> 
     </span>
     <span class='ocr_line' id='line_1_6' title="bbox 164 1814 1379 1912; baseline -0.001 -24"><span class='ocrx_word' id='word_1_48' title='bbox 164 1825 256 1888; x_wconf 86' lang='lat' dir='ltr'><strong>verit.</strong></span> <span class='ocrx_word' id='word_1_49' title='bbox 297 1823 354 1888; x_wconf 88' lang='lat' dir='ltr'><strong>sed</strong></span> <span class='ocrx_word' id='word_1_50' title='bbox 372 1822 493 1912; x_wconf 75' lang='lat' dir='ltr'><strong>quael</strong></span> <span class='ocrx_word' id='word_1_51' title='bbox 511 1823 552 1888; x_wconf 83' lang='lat' dir='ltr'><strong>A.</strong></span> <span class='ocrx_word' id='word_1_52' title='bbox 566 1814 741 1889; x_wconf 75' lang='lat' dir='ltr'><strong>Fabricius</strong></span> <span class='ocrx_word' id='word_1_53' title='bbox 758 1823 1002 1910; x_wconf 89' lang='lat' dir='ltr'><strong>Assumptionis</strong></span> <span class='ocrx_word' id='word_1_54' title='bbox 1016 1823 1180 1888; x_wconf 89' lang='lat' dir='ltr'><strong>Mosaicae</strong></span> <span class='ocrx_word' id='word_1_55' title='bbox 1195 1823 1379 1909; x_wconf 86' lang='lat' dir='ltr'><strong>fragmenta</strong></span> 
     </span>
     <span class='ocr_line' id='line_1_7' title="bbox 164 1939 1378 2028; baseline 0 -24"><span class='ocrx_word' id='word_1_56' title='bbox 164 1939 337 2026; x_wconf 78' lang='lat' dir='ltr'><strong>collegit‚²)</strong></span> <span class='ocrx_word' id='word_1_57' title='bbox 357 1951 423 2005; x_wconf 89' lang='lat' dir='ltr'><strong>tam</strong></span> <span class='ocrx_word' id='word_1_58' title='bbox 447 1963 554 2028; x_wconf 91' lang='lat' dir='ltr'><strong>pauca</strong></span> <span class='ocrx_word' id='word_1_59' title='bbox 576 1949 677 2024; x_wconf 89' lang='lat' dir='ltr'><strong>erant,</strong></span> <span class='ocrx_word' id='word_1_60' title='bbox 698 1951 733 2005; x_wconf 91' lang='lat' dir='ltr'><strong>ut</strong></span> <span class='ocrx_word' id='word_1_61' title='bbox 755 1939 954 2023; x_wconf 72' lang='lat' dir='ltr'><strong>Lueckiust)</strong></span> <span class='ocrx_word' id='word_1_62' title='bbox 979 1963 1019 2004; x_wconf 93' lang='lat' dir='ltr'><strong>ne</strong></span> <span class='ocrx_word' id='word_1_63' title='bbox 1046 1939 1081 2004; x_wconf 94' lang='lat' dir='ltr'><strong>id</strong></span> <span class='ocrx_word' id='word_1_64' title='bbox 1110 1940 1241 2027; x_wconf 89' lang='lat' dir='ltr'><strong>quidem</strong></span> <span class='ocrx_word' id='word_1_65' title='bbox 1264 1939 1378 2004; x_wconf 92' lang='lat' dir='ltr'><strong>diiudi-</strong></span> 
     </span>
     <span class='ocr_line' id='line_1_8' title="bbox 164 2055 1465 2142; baseline -0.001 -20"><span class='ocrx_word' id='word_1_66' title='bbox 164 2080 239 2122; x_wconf 88' lang='lat' dir='ltr'><strong>care</strong></span> <span class='ocrx_word' id='word_1_67' title='bbox 254 2057 404 2140; x_wconf 85' lang='lat' dir='ltr'><strong>valuerit,</strong></span> <span class='ocrx_word' id='word_1_68' title='bbox 419 2067 526 2122; x_wconf 89' lang='lat' dir='ltr'><strong>utrum</strong></span> <span class='ocrx_word' id='word_1_69' title='bbox 542 2057 746 2124; x_wconf 81' lang='lat' dir='ltr'><strong>Christianus</strong></span> <span class='ocrx_word' id='word_1_70' title='bbox 762 2079 804 2122; x_wconf 86' lang='lat' dir='ltr'><strong>an</strong></span> <span class='ocrx_word' id='word_1_71' title='bbox 812 2055 953 2122; x_wconf 90' lang='lat' dir='ltr'><strong>Iudaeus</strong></span> <span class='ocrx_word' id='word_1_72' title='bbox 968 2056 1058 2122; x_wconf 93' lang='lat' dir='ltr'><strong>illum</strong></span> <span class='ocrx_word' id='word_1_73' title='bbox 1069 2056 1188 2122; x_wconf 91' lang='lat' dir='ltr'><strong>librum</strong></span> <span class='ocrx_word' id='word_1_74' title='bbox 1201 2057 1378 2142; x_wconf 86' lang='lat' dir='ltr'><strong>scripserit.</strong></span> <span class='ocrx_word' id='word_1_75' title='bbox 1461 2114 1465 2121; x_wconf 87' lang='lat'>.</span> 
     </span>
     <span class='ocr_line' id='line_1_9' title="bbox 162 2173 1377 2262; baseline -0.001 -23"><span class='ocrx_word' id='word_1_76' title='bbox 162 2197 199 2240; x_wconf 92' lang='lat' dir='ltr'><strong>eo</strong></span> <span class='ocrx_word' id='word_1_77' title='bbox 220 2176 326 2260; x_wconf 90' lang='lat' dir='ltr'><strong>magis</strong></span> <span class='ocrx_word' id='word_1_78' title='bbox 348 2175 550 2262; x_wconf 85' lang='lat' dir='ltr'><strong>gaudeamus</strong></span> <span class='ocrx_word' id='word_1_79' title='bbox 565 2182 696 2262; x_wconf 88' lang='lat' dir='ltr'><strong>oportet</strong></span> <span class='ocrx_word' id='word_1_80' title='bbox 708 2175 909 2240; x_wconf 86' lang='lat' dir='ltr'><strong>accuratiore</strong></span> <span class='ocrx_word' id='word_1_81' title='bbox 930 2183 962 2240; x_wconf 93' lang='lat' dir='ltr'><strong>et</strong></span> <span class='ocrx_word' id='word_1_82' title='bbox 976 2173 1120 2260; x_wconf 91' lang='lat' dir='ltr'><strong>pleniore</strong></span> <span class='ocrx_word' id='word_1_83' title='bbox 1135 2173 1377 2260; x_wconf 90' lang='lat' dir='ltr'><strong>Assumptionis</strong></span> 
     </span>
     <span class='ocr_line' id='line_1_10' title="bbox 161 2290 1117 2381; baseline -0.001 -24"><span class='ocrx_word' id='word_1_84' title='bbox 161 2291 327 2357; x_wconf 85' lang='lat' dir='ltr'><strong>Mosaicae</strong></span> <span class='ocrx_word' id='word_1_85' title='bbox 346 2294 472 2376; x_wconf 88' lang='lat' dir='ltr'><strong>notitia,</strong></span> <span class='ocrx_word' id='word_1_86' title='bbox 494 2315 592 2381; x_wconf 91' lang='lat' dir='ltr'><strong>quam</strong></span> <span class='ocrx_word' id='word_1_87' title='bbox 614 2291 719 2358; x_wconf 91' lang='lat' dir='ltr'><strong>doctis</strong></span> <span class='ocrx_word' id='word_1_88' title='bbox 740 2291 833 2358; x_wconf 89' lang='lat' dir='ltr'><strong>Italis</strong></span> <span class='ocrx_word' id='word_1_89' title='bbox 854 2290 1017 2356; x_wconf 92' lang='lat' dir='ltr'><strong>debemus.</strong></span> <span class='ocrx_word' id='word_1_90' title='bbox 1115 2297 1117 2305; x_wconf 83' lang='lat'>&#39;</span> 
     </span>
    </p>

    <p class='ocr_par' dir='ltr' id='par_1_2' title="bbox 245 2407 1377 2497">
     <span class='ocr_line' id='line_1_11' title="bbox 245 2407 1377 2497; baseline -0.001 -22"><span class='ocrx_word' id='word_1_91' title='bbox 245 2409 477 2493; x_wconf 88' lang='lat' dir='ltr'><strong>„Monumenta</strong></span> <span class='ocrx_word' id='word_1_92' title='bbox 493 2432 588 2474; x_wconf 89' lang='lat' dir='ltr'><strong>sacra</strong></span> <span class='ocrx_word' id='word_1_93' title='bbox 609 2420 641 2474; x_wconf 95' lang='lat' dir='ltr'><strong>et</strong></span> <span class='ocrx_word' id='word_1_94' title='bbox 656 2409 796 2497; x_wconf 88' lang='lat' dir='ltr'><strong>profana</strong></span> <span class='ocrx_word' id='word_1_95' title='bbox 816 2431 857 2474; x_wconf 89' lang='lat' dir='ltr'><strong>ex</strong></span> <span class='ocrx_word' id='word_1_96' title='bbox 873 2408 1039 2474; x_wconf 88' lang='lat' dir='ltr'><strong>codicibus</strong></span> <span class='ocrx_word' id='word_1_97' title='bbox 1055 2409 1248 2495; x_wconf 87' lang='lat' dir='ltr'><strong>praesertim</strong></span> <span class='ocrx_word' id='word_1_98' title='bbox 1264 2407 1377 2474; x_wconf 92' lang='lat' dir='ltr'><strong>biblio·</strong></span> 
     </span>
    </p>
   </div>
   <div class='ocr_carea' id='block_1_2' title="bbox 161 2519 1377 2726">
    <p class='ocr_par' dir='ltr' id='par_1_3' title="bbox 161 2519 1377 2726">
     <span class='ocr_line' id='line_1_12' title="bbox 161 2519 1377 2614; baseline -0.002 -23"><span class='ocrx_word' id='word_1_99' title='bbox 161 2527 275 2592; x_wconf 87' lang='lat' dir='ltr'><strong>thecae</strong></span> <span class='ocrx_word' id='word_1_100' title='bbox 296 2519 550 2610; x_wconf 82' lang='lat' dir='ltr'><strong>Amhrosianae,</strong></span> <span class='ocrx_word' id='word_1_101' title='bbox 582 2539 686 2614; x_wconf 88' lang='lat' dir='ltr'><strong>opera</strong></span> <span class='ocrx_word' id='word_1_102' title='bbox 710 2527 836 2612; x_wconf 90' lang='lat' dir='ltr'><strong>collegii</strong></span> <span class='ocrx_word' id='word_1_103' title='bbox 864 2526 1032 2592; x_wconf 89' lang='lat' dir='ltr'><strong>doctorum</strong></span> <span class='ocrx_word' id='word_1_104' title='bbox 1058 2525 1202 2591; x_wconf 88' lang='lat' dir='ltr'><strong>eiusdem</strong></span> <span class='ocrx_word' id='word_1_105' title='bbox 1231 2523 1324 2590; x_wconf 87' lang='lat' dir='ltr'><strong>Tem.</strong></span> <span class='ocrx_word' id='word_1_106' title='bbox 1351 2525 1377 2589; x_wconf 90' lang='lat' dir='ltr'><strong>I.</strong></span> 
     </span>
     <span class='ocr_line' id='line_1_13' title="bbox 161 2637 1376 2726; baseline 0.001 -18"><span class='ocrx_word' id='word_1_107' title='bbox 161 2645 238 2709; x_wconf 88' lang='lat' dir='ltr'><strong>fasc.</strong></span> <span class='ocrx_word' id='word_1_108' title='bbox 260 2641 286 2708; x_wconf 93' lang='lat' dir='ltr'><strong>I.</strong></span> <span class='ocrx_word' id='word_1_109' title='bbox 309 2643 358 2709; x_wconf 90' lang='lat' dir='ltr'><strong>ed.</strong></span> <span class='ocrx_word' id='word_1_110' title='bbox 382 2643 456 2710; x_wconf 87' lang='lat' dir='ltr'><strong>Sao.</strong></span> <span class='ocrx_word' id='word_1_111' title='bbox 486 2643 560 2709; x_wconf 89' lang='lat' dir='ltr'><strong>Obl.</strong></span> <span class='ocrx_word' id='word_1_112' title='bbox 581 2643 744 2709; x_wconf 90' lang='lat' dir='ltr'><strong>Antonius</strong></span> <span class='ocrx_word' id='word_1_113' title='bbox 765 2643 871 2708; x_wconf 90' lang='lat' dir='ltr'><strong>Maria</strong></span> <span class='ocrx_word' id='word_1_114' title='bbox 893 2637 1056 2726; x_wconf 62' lang='lat' dir='ltr'><strong>Cerianif‘</strong></span> <span class='ocrx_word' id='word_1_115' title='bbox 1080 2641 1260 2710; x_wconf 86' lang='lat' dir='ltr'><strong>Mediolani</strong></span> <span class='ocrx_word' id='word_1_116' title='bbox 1288 2645 1376 2710; x_wconf 87' lang='grc'><strong>1861.</strong></span> 
     </span>
    </p>
   </div>
   <div class='ocr_carea' id='block_1_3' title="bbox 161 2759 1489 2848">
    <p class='ocr_par' dir='ltr' id='par_1_4' title="bbox 161 2759 1489 2848">
     <span class='ocr_line' id='line_1_14' title="bbox 161 2759 1489 2848; baseline -0.002 -20"><span class='ocrx_word' id='word_1_117' title='bbox 161 2784 192 2848; x_wconf 90' lang='lat' dir='ltr'><strong>p.</strong></span> <span class='ocrx_word' id='word_1_118' title='bbox 220 2767 343 2828; x_wconf 77' lang='lat'>55—62</span> <span class='ocrx_word' id='word_1_119' title='bbox 370 2764 468 2826; x_wconf 91' lang='lat' dir='ltr'><strong>etiam</strong></span> <span class='ocrx_word' id='word_1_120' title='bbox 494 2761 716 2846; x_wconf 81' lang='lat' dir='ltr'><strong>„Fragmenta</strong></span> <span class='ocrx_word' id='word_1_121' title='bbox 747 2759 990 2848; x_wconf 85' lang='lat' dir='ltr'><strong>Assumptionis</strong></span> <span class='ocrx_word' id='word_1_122' title='bbox 1023 2760 1172 2848; x_wconf 86' lang='lat' dir='ltr'><strong>Moysis“</strong></span> <span class='ocrx_word' id='word_1_123' title='bbox 1204 2762 1378 2840; x_wconf 88' lang='lat' dir='ltr'><strong>continent,</strong></span> <span class='ocrx_word' id='word_1_124' title='bbox 1486 2770 1489 2776; x_wconf 87' lang='lat'>&#39;</span> 
     </span>
    </p>
   </div>
   <div class='ocr_carea' id='block_1_4' title="bbox 95 2859 1379 4021">
    <p class='ocr_par' dir='ltr' id='par_1_5' title="bbox 95 2859 1379 3542">
     <span class='ocr_line' id='line_1_15' title="bbox 95 2859 1379 2966; baseline 0.001 -23"><span class='ocrx_word' id='word_1_125' title='bbox 95 2933 109 2962; x_wconf 60' lang='lat'>,</span> <span class='ocrx_word' id='word_1_126' title='bbox 160 2875 302 2966; x_wconf 88' lang='lat' dir='ltr'><strong>priorem</strong></span> <span class='ocrx_word' id='word_1_127' title='bbox 325 2888 412 2944; x_wconf 90' lang='lat' dir='ltr'><strong>certe</strong></span> <span class='ocrx_word' id='word_1_128' title='bbox 434 2877 529 2944; x_wconf 91' lang='lat' dir='ltr'><strong>huius</strong></span> <span class='ocrx_word' id='word_1_129' title='bbox 550 2877 626 2944; x_wconf 91' lang='lat' dir='ltr'><strong>libri</strong></span> <span class='ocrx_word' id='word_1_130' title='bbox 642 2887 780 2963; x_wconf 89' lang='lat' dir='ltr'><strong>partem,</strong></span> <span class='ocrx_word' id='word_1_131' title='bbox 802 2878 951 2966; x_wconf 81' lang='lat' dir='ltr'><strong>quamvis</strong></span> <span class='ocrx_word' id='word_1_132' title='bbox 973 2879 1007 2942; x_wconf 91' lang='lat' dir='ltr'><strong>in</strong></span> <span class='ocrx_word' id='word_1_133' title='bbox 1028 2859 1150 2944; x_wconf 89' lang='lat' dir='ltr'><strong>latinae</strong></span> <span class='ocrx_word' id='word_1_134' title='bbox 1171 2878 1331 2944; x_wconf 87' lang='lat' dir='ltr'><strong>versionis</strong></span> <span class='ocrx_word' id='word_1_135' title='bbox 1346 2888 1379 2944; x_wconf 87' lang='lat' dir='ltr'><strong>et</strong></span> 
     </span>
     <span class='ocr_line' id='line_1_16' title="bbox 160 2994 1378 3083; baseline 0 -23"><span class='ocrx_word' id='word_1_136' title='bbox 160 2995 313 3072; x_wconf 86' lang='lat' dir='ltr'><strong>indoctae</strong></span> <span class='ocrx_word' id='word_1_137' title='bbox 328 2996 609 3083; x_wconf 88' lang='lat' dir='ltr'><strong>transscriptionis</strong></span> <span class='ocrx_word' id='word_1_138' title='bbox 624 2995 722 3082; x_wconf 91' lang='lat' dir='ltr'><strong>plena</strong></span> <span class='ocrx_word' id='word_1_139' title='bbox 737 2994 899 3062; x_wconf 88' lang='lat' dir='ltr'><strong>barbarie.</strong></span> <span class='ocrx_word' id='word_1_140' title='bbox 928 2994 1123 3082; x_wconf 86' lang='lat' dir='ltr'><strong>particulam</strong></span> <span class='ocrx_word' id='word_1_141' title='bbox 1137 2997 1203 3060; x_wconf 92' lang='lat' dir='ltr'><strong>iam</strong></span> <span class='ocrx_word' id='word_1_142' title='bbox 1214 2995 1378 3060; x_wconf 89' lang='lat' dir='ltr'><strong>Amedeus</strong></span> 
     </span>
     <span class='ocr_line' id='line_1_17' title="bbox 160 3111 1378 3200; baseline 0.002 -24"><span class='ocrx_word' id='word_1_143' title='bbox 160 3112 292 3200; x_wconf 88' lang='lat' dir='ltr'><strong>Peyron</strong></span> <span class='ocrx_word' id='word_1_144' title='bbox 300 3115 325 3192; x_wconf 79' lang='lat'><strong>⁴)</strong></span> <span class='ocrx_word' id='word_1_145' title='bbox 348 3111 504 3196; x_wconf 86' lang='lat' dir='ltr'><strong>ediderat,</strong></span> <span class='ocrx_word' id='word_1_146' title='bbox 530 3111 651 3177; x_wconf 92' lang='lat' dir='ltr'><strong>librum</strong></span> <span class='ocrx_word' id='word_1_147' title='bbox 674 3113 793 3199; x_wconf 91' lang='lat' dir='ltr'><strong>ipsum,</strong></span> <span class='ocrx_word' id='word_1_148' title='bbox 816 3112 857 3177; x_wconf 91' lang='lat' dir='ltr'><strong>ad</strong></span> <span class='ocrx_word' id='word_1_149' title='bbox 880 3135 974 3198; x_wconf 91' lang='lat' dir='ltr'><strong>quem</strong></span> <span class='ocrx_word' id='word_1_150' title='bbox 997 3112 1189 3199; x_wconf 88' lang='lat' dir='ltr'><strong>pertinebat,</strong></span> <span class='ocrx_word' id='word_1_151' title='bbox 1212 3114 1378 3198; x_wconf 86' lang='lat' dir='ltr'><strong>ignorans.</strong></span> 
     </span>
     <span class='ocr_line' id='line_1_18' title="bbox 162 3228 1376 3317; baseline -0.001 -22"><span class='ocrx_word' id='word_1_152' title='bbox 162 3229 295 3296; x_wconf 83' lang='lat' dir='ltr'><strong>Ceriani</strong></span> <span class='ocrx_word' id='word_1_153' title='bbox 317 3252 401 3317; x_wconf 89' lang='lat' dir='ltr'><strong>quae</strong></span> <span class='ocrx_word' id='word_1_154' title='bbox 423 3229 532 3314; x_wconf 90' lang='lat' dir='ltr'><strong>legere</strong></span> <span class='ocrx_word' id='word_1_155' title='bbox 552 3230 657 3316; x_wconf 89' lang='lat' dir='ltr'><strong>potuit</strong></span> <span class='ocrx_word' id='word_1_156' title='bbox 678 3228 789 3310; x_wconf 86' lang='lat' dir='ltr'><strong>edidit,</strong></span> <span class='ocrx_word' id='word_1_157' title='bbox 810 3228 944 3294; x_wconf 89' lang='lat' dir='ltr'><strong>lacunas</strong></span> <span class='ocrx_word' id='word_1_158' title='bbox 960 3230 1095 3313; x_wconf 85' lang='lat' dir='ltr'><strong>notavit,</strong></span> <span class='ocrx_word' id='word_1_159' title='bbox 1118 3252 1201 3316; x_wconf 90' lang='lat' dir='ltr'><strong>quae</strong></span> <span class='ocrx_word' id='word_1_160' title='bbox 1220 3252 1286 3295; x_wconf 91' lang='lat' dir='ltr'><strong>non</strong></span> <span class='ocrx_word' id='word_1_161' title='bbox 1308 3239 1376 3295; x_wconf 88' lang='lat' dir='ltr'><strong>tuto</strong></span> 
     </span>
     <span class='ocr_line' id='line_1_19' title="bbox 161 3345 1377 3434; baseline -0.001 -22"><span class='ocrx_word' id='word_1_162' title='bbox 161 3346 403 3434; x_wconf 89' lang='lat' dir='ltr'><strong>deprehendere</strong></span> <span class='ocrx_word' id='word_1_163' title='bbox 432 3345 496 3412; x_wconf 88' lang='lat' dir='ltr'><strong>sibi</strong></span> <span class='ocrx_word' id='word_1_164' title='bbox 524 3345 713 3428; x_wconf 87' lang='lat' dir='ltr'><strong>videbatur,</strong></span> <span class='ocrx_word' id='word_1_165' title='bbox 743 3346 953 3429; x_wconf 78' lang='lat' dir='ltr'><strong>„charactere</strong></span> <span class='ocrx_word' id='word_1_166' title='bbox 980 3347 1131 3412; x_wconf 86' lang='lat' dir='ltr'><strong>cursivo“</strong></span> <span class='ocrx_word' id='word_1_167' title='bbox 1159 3345 1237 3412; x_wconf 91' lang='lat' dir='ltr'><strong>dare</strong></span> <span class='ocrx_word' id='word_1_168' title='bbox 1262 3347 1377 3414; x_wconf 92' lang='lat' dir='ltr'><strong>voluit.</strong></span> 
     </span>
     <span class='ocr_line' id='line_1_20' title="bbox 160 3461 1377 3542; baseline 0.001 -13"><span class='ocrx_word' id='word_1_169' title='bbox 160 3473 284 3530; x_wconf 90' lang='lat' dir='ltr'><strong>textum</strong></span> <span class='ocrx_word' id='word_1_170' title='bbox 308 3473 416 3529; x_wconf 89' lang='lat' dir='ltr'><strong>autem</strong></span> <span class='ocrx_word' id='word_1_171' title='bbox 442 3465 612 3530; x_wconf 87' lang='lat' dir='ltr'><strong>restituere</strong></span> <span class='ocrx_word' id='word_1_172' title='bbox 634 3485 732 3528; x_wconf 87' lang='lat' dir='ltr'><strong>ausus</strong></span> <span class='ocrx_word' id='word_1_173' title='bbox 754 3485 819 3527; x_wconf 91' lang='lat' dir='ltr'><strong>non</strong></span> <span class='ocrx_word' id='word_1_174' title='bbox 841 3471 906 3542; x_wconf 90' lang='lat' dir='ltr'><strong>est,</strong></span> <span class='ocrx_word' id='word_1_175' title='bbox 933 3470 964 3527; x_wconf 90' lang='lat' dir='ltr'><strong>et</strong></span> <span class='ocrx_word' id='word_1_176' title='bbox 985 3461 1047 3530; x_wconf 93' lang='lat' dir='ltr'><strong>hoc</strong></span> <span class='ocrx_word' id='word_1_177' title='bbox 1069 3471 1118 3528; x_wconf 88' lang='lat' dir='ltr'><strong>est</strong></span> <span class='ocrx_word' id='word_1_178' title='bbox 1140 3461 1377 3530; x_wconf 84' lang='lat' dir='ltr'><strong>difficillimum.</strong></span> 
     </span>
    </p>

    <p class='ocr_par' dir='ltr' id='par_1_6' title="bbox 107 3577 1377 4021">
     <span class='ocr_line' id='line_1_21' title="bbox 243 3577 1377 3668; baseline 0.002 -23"><span class='ocrx_word' id='word_1_179' title='bbox 243 3580 294 3646; x_wconf 92' lang='lat' dir='ltr'><strong>his</strong></span> <span class='ocrx_word' id='word_1_180' title='bbox 325 3582 426 3668; x_wconf 89' lang='lat' dir='ltr'><strong>igitur</strong></span> <span class='ocrx_word' id='word_1_181' title='bbox 447 3581 639 3667; x_wconf 77' lang='lat' dir='ltr'><strong>fragmentis</strong></span> <span class='ocrx_word' id='word_1_182' title='bbox 669 3603 746 3646; x_wconf 88' lang='lat' dir='ltr'><strong>usus</strong></span> <span class='ocrx_word' id='word_1_183' title='bbox 773 3582 838 3644; x_wconf 92' lang='lat' dir='ltr'><strong>iarn</strong></span> <span class='ocrx_word' id='word_1_184' title='bbox 865 3577 905 3644; x_wconf 90' lang='lat' dir='ltr'><strong>de</strong></span> <span class='ocrx_word' id='word_1_185' title='bbox 932 3588 999 3646; x_wconf 90' lang='lat' dir='ltr'><strong>teto</strong></span> <span class='ocrx_word' id='word_1_186' title='bbox 1024 3579 1108 3646; x_wconf 89' lang='lat' dir='ltr'><strong>libro</strong></span> <span class='ocrx_word' id='word_1_187' title='bbox 1129 3579 1285 3646; x_wconf 88' lang='lat' dir='ltr'><strong>iudicium</strong></span> <span class='ocrx_word' id='word_1_188' title='bbox 1304 3582 1377 3648; x_wconf 88' lang='lat' dir='ltr'><strong>tulit</strong></span> 
     </span>
     <span class='ocr_line' id='line_1_22' title="bbox 107 3686 1375 3793; baseline 0.003 -32"><span class='ocrx_word' id='word_1_189' title='bbox 107 3787 110 3791; x_wconf 17' lang='lat' dir='ltr'>v</span> <span class='ocrx_word' id='word_1_190' title='bbox 160 3697 261 3763; x_wconf 86' lang='lat' dir='ltr'><strong>Henr.</strong></span> <span class='ocrx_word' id='word_1_191' title='bbox 283 3686 450 3781; x_wconf 77' lang='lat' dir='ltr'><strong>Eualdue,</strong></span> <span class='ocrx_word' id='word_1_192' title='bbox 461 3701 485 3777; x_wconf 83' lang='lat'><strong>⁵)</strong></span> <span class='ocrx_word' id='word_1_193' title='bbox 514 3701 680 3793; x_wconf 84' lang='lat' dir='ltr'><strong>exparte</strong></span> <span class='ocrx_word' id='word_1_194' title='bbox 709 3697 945 3783; x_wconf 89' lang='lat' dir='ltr'><strong>corrigendum.</strong></span> <span class='ocrx_word' id='word_1_195' title='bbox 987 3719 1064 3761; x_wconf 88' lang='lat' dir='ltr'><strong>nam</strong></span> <span class='ocrx_word' id='word_1_196' title='bbox 1091 3719 1195 3785; x_wconf 90' lang='lat' dir='ltr'><strong>neque</strong></span> <span class='ocrx_word' id='word_1_197' title='bbox 1224 3700 1375 3785; x_wconf 86' lang='lat' dir='ltr'><strong>primitus</strong></span> 
     </span>
     <span class='ocr_line' id='line_1_23' title="bbox 159 3813 1374 3902; baseline 0.002 -24"><span class='ocrx_word' id='word_1_198' title='bbox 159 3813 313 3880; x_wconf 89' lang='lat' dir='ltr'><strong>hebraice</strong></span> <span class='ocrx_word' id='word_1_199' title='bbox 344 3817 499 3902; x_wconf 84' lang='lat' dir='ltr'><strong>scriptus,</strong></span> <span class='ocrx_word' id='word_1_200' title='bbox 527 3823 595 3880; x_wconf 91' lang='lat' dir='ltr'><strong>tum</strong></span> <span class='ocrx_word' id='word_1_201' title='bbox 626 3815 759 3900; x_wconf 77' lang='lat' dir='ltr'><strong>graece,</strong></span> <span class='ocrx_word' id='word_1_202' title='bbox 788 3813 926 3902; x_wconf 92' lang='lat' dir='ltr'><strong>denique</strong></span> <span class='ocrx_word' id='word_1_203' title='bbox 955 3814 1054 3879; x_wconf 88' lang='lat' dir='ltr'><strong>latine</strong></span> <span class='ocrx_word' id='word_1_204' title='bbox 1082 3813 1136 3880; x_wconf 93' lang='lat' dir='ltr'><strong>hic</strong></span> <span class='ocrx_word' id='word_1_205' title='bbox 1156 3815 1241 3881; x_wconf 91' lang='lat' dir='ltr'><strong>liber</strong></span> <span class='ocrx_word' id='word_1_206' title='bbox 1263 3839 1374 3884; x_wconf 88' lang='lat' dir='ltr'><strong>versus</strong></span> 
     </span>
     <span class='ocr_line' id='line_1_24' title="bbox 161 3931 1374 4021; baseline 0.003 -25"><span class='ocrx_word' id='word_1_207' title='bbox 161 3943 217 4012; x_wconf 88' lang='lat' dir='ltr'><strong>est,</strong></span> <span class='ocrx_word' id='word_1_208' title='bbox 241 3931 298 3998; x_wconf 89' lang='lat' dir='ltr'><strong>sed</strong></span> <span class='ocrx_word' id='word_1_209' title='bbox 318 3933 469 4020; x_wconf 86' lang='lat' dir='ltr'><strong>primitus</strong></span> <span class='ocrx_word' id='word_1_210' title='bbox 490 3954 607 4019; x_wconf 90' lang='lat' dir='ltr'><strong>graece</strong></span> <span class='ocrx_word' id='word_1_211' title='bbox 629 3933 779 4020; x_wconf 88' lang='lat' dir='ltr'><strong>scriptus.</strong></span> <span class='ocrx_word' id='word_1_212' title='bbox 790 3933 814 4011; x_wconf 81' lang='lat'><strong>⁶)</strong></span> <span class='ocrx_word' id='word_1_213' title='bbox 849 3955 953 4020; x_wconf 90' lang='lat' dir='ltr'><strong>neque</strong></span> <span class='ocrx_word' id='word_1_214' title='bbox 974 3935 1039 3998; x_wconf 91' lang='lat' dir='ltr'><strong>iam</strong></span> <span class='ocrx_word' id='word_1_215' title='bbox 1055 3933 1152 4020; x_wconf 89' lang='lat' dir='ltr'><strong>paulo</strong></span> <span class='ocrx_word' id='word_1_216' title='bbox 1175 3943 1250 4021; x_wconf 90' lang='lat' dir='ltr'><strong>post</strong></span> <span class='ocrx_word' id='word_1_217' title='bbox 1271 3933 1374 4000; x_wconf 93' lang='lat' dir='ltr'><strong>Hero-</strong></span> 
     </span>
    </p>
   </div>
   <div class='ocr_carea' id='block_1_5' title="bbox 158 4177 1376 4798">
    <p class='ocr_par' dir='ltr' id='par_1_7' title="bbox 228 4177 957 4252">
     <span class='ocr_line' id='line_1_25' title="bbox 228 4177 957 4252; baseline 0.003 -13"><span class='ocrx_word' id='word_1_218' title='bbox 228 4186 254 4251; x_wconf 92' lang='lat' dir='ltr'><strong>t)</strong></span> <span class='ocrx_word' id='word_1_219' title='bbox 272 4184 305 4239; x_wconf 86' lang='lat' dir='ltr'><strong>cf.</strong></span> <span class='ocrx_word' id='word_1_220' title='bbox 323 4185 423 4239; x_wconf 75' lang='lat' dir='ltr'><strong>Assum</strong></span> <span class='ocrx_word' id='word_1_221' title='bbox 441 4177 527 4238; x_wconf 82' lang='lat' dir='ltr'><strong>tionis&#39;</strong></span> <span class='ocrx_word' id='word_1_222' title='bbox 541 4184 675 4238; x_wconf 88' lang='lat' dir='ltr'><strong>Mosaicae</strong></span> <span class='ocrx_word' id='word_1_223' title='bbox 692 4183 844 4252; x_wconf 79' lang='lat' dir='ltr'><strong>fragmenta</strong></span> <span class='ocrx_word' id='word_1_224' title='bbox 859 4185 906 4240; x_wconf 86' lang='lat' dir='ltr'><strong>Iv.</strong></span> <span class='ocrx_word' id='word_1_225' title='bbox 924 4185 957 4241; x_wconf 87' lang='lat' dir='ltr'><strong>V.</strong></span> 
     </span>
    </p>

    <p class='ocr_par' dir='ltr' id='par_1_8' title="bbox 161 4201 1376 4456">
     <span class='ocr_line' id='line_1_26' title="bbox 212 4201 1211 4333; baseline 0.007 -31"><span class='ocrx_word' id='word_1_226' title='bbox 212 4254 253 4321; x_wconf 83' lang='grc'><strong>,2)</strong></span> <span class='ocrx_word' id='word_1_227' title='bbox 271 4251 335 4307; x_wconf 79' lang='lat' dir='ltr'><strong>cor.</strong></span> <span class='ocrx_word' id='word_1_228' title='bbox 353 4201 521 4322; x_wconf 82' lang='lat' dir='ltr'><strong>pseudepigr.</strong></span> <span class='ocrx_word' id='word_1_229' title='bbox 540 4254 599 4307; x_wconf 88' lang='lat' dir='ltr'><strong>Vct.</strong></span> <span class='ocrx_word' id='word_1_230' title='bbox 618 4253 690 4332; x_wconf 80' lang='lat' dir='ltr'><strong>Test.</strong></span> <span class='ocrx_word' id='word_1_231' title='bbox 709 4251 731 4306; x_wconf 89' lang='lat'><strong>1.</strong></span> <span class='ocrx_word' id='word_1_232' title='bbox 749 4269 775 4332; x_wconf 85' lang='lat' dir='ltr'><strong>p.</strong></span> <span class='ocrx_word' id='word_1_233' title='bbox 789 4257 837 4308; x_wconf 84' lang='lat'><strong>838</strong></span> <span class='ocrx_word' id='word_1_234' title='bbox 851 4269 890 4322; x_wconf 88' lang='lat' dir='ltr'><strong>sq.</strong></span> <span class='ocrx_word' id='word_1_235' title='bbox 915 4320 921 4333; x_wconf 37' lang='grc' dir='ltr'>Ι</span> <span class='ocrx_word' id='word_1_236' title='bbox 990 4321 996 4332; x_wconf 90' lang='lat'><em>.</em></span> <span class='ocrx_word' id='word_1_237' title='bbox 1201 4283 1211 4309; x_wconf 36' lang='grc' dir='ltr'><strong>ι.</strong></span> 
     </span>
     <span class='ocr_line' id='line_1_27' title="bbox 176 4319 1376 4456; baseline 0.001 -81"><span class='ocrx_word' id='word_1_238' title='bbox 176 4388 192 4441; x_wconf 69' lang='lat' dir='ltr'>d</span> <span class='ocrx_word' id='word_1_239' title='bbox 219 4321 486 4456; x_wconf 51' lang='lat' dir='ltr'><strong>illletldhllhvolnei</strong></span> <span class='ocrx_word' id='word_1_240' title='bbox 511 4319 709 4442; x_wconf 62' lang='lat' dir='ltr'><strong>volls3t5&#39;tnd1gen</strong></span> <span class='ocrx_word' id='word_1_241' title='bbox 730 4320 887 4390; x_wconf 79' lang='lat' dir='ltr'><strong>Emleitung</strong></span> <span class='ocrx_word' id='word_1_242' title='bbox 913 4337 942 4374; x_wconf 92' lang='lat' dir='ltr'><strong>m</strong></span> <span class='ocrx_word' id='word_1_243' title='bbox 970 4320 1013 4374; x_wconf 86' lang='lat' dir='ltr'><strong>dre</strong></span> <span class='ocrx_word' id='word_1_244' title='bbox 1038 4321 1220 4392; x_wconf 81' lang='lat' dir='ltr'><strong>Offenbarung</strong></span> <span class='ocrx_word' id='word_1_245' title='bbox 1236 4321 1376 4377; x_wconf 71' lang='lat' dir='ltr'><strong>Johannis,</strong></span> 
     </span>
     <span class='ocr_line' id='line_1_28' title="bbox 161 4395 1298 4449; baseline 0.007 -8"><span class='ocrx_word' id='word_1_246' title='bbox 161 4405 200 4441; x_wconf 91' lang='lat' dir='ltr'><strong>e.</strong></span> <span class='ocrx_word' id='word_1_247' title='bbox 368 4429 373 4440; x_wconf 93' lang='lat'><em>.</em></span> <span class='ocrx_word' id='word_1_248' title='bbox 417 4405 452 4444; x_wconf 88' lang='lat' dir='ltr'><strong>o.</strong></span> <span class='ocrx_word' id='word_1_249' title='bbox 485 4428 490 4440; x_wconf 88' lang='lat'>.</span> <span class='ocrx_word' id='word_1_250' title='bbox 529 4395 569 4444; x_wconf 85' lang='lat'><strong>.2</strong></span> <span class='ocrx_word' id='word_1_251' title='bbox 605 4433 611 4444; x_wconf 90' lang='lat'>.</span> <span class='ocrx_word' id='word_1_252' title='bbox 1295 4444 1298 4449; x_wconf 92' lang='lat'>.</span> 
     </span>
    </p>

    <p class='ocr_par' dir='ltr' id='par_1_9' title="bbox 225 4405 1141 4525">
     <span class='ocr_line' id='line_1_29' title="bbox 225 4405 1141 4525; baseline 0.002 -16"><span class='ocrx_word' id='word_1_253' title='bbox 225 4458 254 4522; x_wconf 76' lang='lat'><strong>4)</strong></span> <span class='ocrx_word' id='word_1_254' title='bbox 272 4457 409 4511; x_wconf 82' lang='lat' dir='ltr'><strong>Ciceronis</strong></span> <span class='ocrx_word' id='word_1_255' title='bbox 427 4405 577 4512; x_wconf 72' lang='lat' dir='ltr'><strong>orattpetc.</strong></span> <span class='ocrx_word' id='word_1_256' title='bbox 596 4454 747 4524; x_wconf 69' lang='lat' dir='ltr'><strong>stuttgard.</strong></span> <span class='ocrx_word' id='word_1_257' title='bbox 768 4458 796 4510; x_wconf 89' lang='lat' dir='ltr'><strong>et</strong></span> <span class='ocrx_word' id='word_1_258' title='bbox 813 4455 929 4524; x_wconf 79' lang='lat' dir='ltr'><strong>Tuhing.</strong></span> <span class='ocrx_word' id='word_1_259' title='bbox 950 4459 1023 4511; x_wconf 74' lang='lat'>1824.</span> <span class='ocrx_word' id='word_1_260' title='bbox 1042 4473 1069 4525; x_wconf 91' lang='lat' dir='ltr'><strong>p.</strong></span> <span class='ocrx_word' id='word_1_261' title='bbox 1083 4459 1141 4511; x_wconf 75' lang='lat'><strong>134.</strong></span> 
     </span>
    </p>

    <p class='ocr_par' dir='ltr' id='par_1_10' title="bbox 226 4523 1058 4594">
     <span class='ocr_line' id='line_1_30' title="bbox 226 4523 1058 4594; baseline 0.001 -18"><span class='ocrx_word' id='word_1_262' title='bbox 226 4527 252 4590; x_wconf 83' lang='lat'><strong>5)</strong></span> <span class='ocrx_word' id='word_1_263' title='bbox 270 4523 415 4593; x_wconf 76' lang='lat' dir='ltr'><strong>Gdttinger</strong></span> <span class='ocrx_word' id='word_1_264' title='bbox 431 4523 552 4594; x_wconf 82' lang='lat' dir='ltr'><strong>gelehrte</strong></span> <span class='ocrx_word' id='word_1_265' title='bbox 569 4524 707 4592; x_wconf 81' lang='lat' dir='ltr'><strong>Anaeigen</strong></span> <span class='ocrx_word' id='word_1_266' title='bbox 727 4527 800 4587; x_wconf 79' lang='lat'><strong>1862,</strong></span> <span class='ocrx_word' id='word_1_267' title='bbox 819 4524 903 4580; x_wconf 77' lang='lat' dir='ltr'><strong>stret</strong></span> <span class='ocrx_word' id='word_1_268' title='bbox 922 4528 933 4577; x_wconf 90' lang='lat'>1</span> <span class='ocrx_word' id='word_1_269' title='bbox 952 4539 979 4591; x_wconf 81' lang='lat' dir='ltr'><strong>p.</strong></span> <span class='ocrx_word' id='word_1_270' title='bbox 991 4527 1007 4577; x_wconf 85' lang='lat' dir='ltr'><strong>e</strong></span> <span class='ocrx_word' id='word_1_271' title='bbox 1020 4540 1058 4593; x_wconf 83' lang='lat' dir='ltr'><strong>sq.</strong></span> 
     </span>
    </p>

    <p class='ocr_par' dir='ltr' id='par_1_11' title="bbox 158 4591 1375 4798">
     <span class='ocr_line' id='line_1_31' title="bbox 225 4591 1375 4659; baseline 0.002 -15"><span class='ocrx_word' id='word_1_272' title='bbox 225 4595 252 4658; x_wconf 83' lang='grc'><strong>6)</strong></span> <span class='ocrx_word' id='word_1_273' title='bbox 269 4592 398 4647; x_wconf 78' lang='lat' dir='ltr'><strong>Eualdue</strong></span> <span class='ocrx_word' id='word_1_274' title='bbox 419 4591 548 4647; x_wconf 83' lang='lat' dir='ltr'><strong>asseruit:</strong></span> <span class='ocrx_word' id='word_1_275' title='bbox 576 4591 643 4656; x_wconf 84' lang='lat' dir='ltr'><strong>„Die</strong></span> <span class='ocrx_word' id='word_1_276' title='bbox 666 4591 863 4646; x_wconf 84' lang='lat' dir='ltr'><strong>altlateiuische</strong></span> <span class='ocrx_word' id='word_1_277' title='bbox 882 4591 1084 4659; x_wconf 87' lang='lat' dir='ltr'><strong>Uebereetzung</strong></span> <span class='ocrx_word' id='word_1_278' title='bbox 1104 4591 1190 4646; x_wconf 89' lang='lat' dir='ltr'><strong>dieses</strong></span> <span class='ocrx_word' id='word_1_279' title='bbox 1207 4592 1297 4647; x_wconf 89' lang='lat' dir='ltr'><strong>Buohs</strong></span> <span class='ocrx_word' id='word_1_280' title='bbox 1319 4609 1375 4647; x_wconf 86' lang='lat' dir='ltr'><strong>war</strong></span> 
     </span>
     <span class='ocr_line' id='line_1_32' title="bbox 158 4658 1375 4729; baseline 0.001 -15"><span class='ocrx_word' id='word_1_281' title='bbox 158 4660 264 4728; x_wconf 76' lang='lat' dir='ltr'><strong>genias,</strong></span> <span class='ocrx_word' id='word_1_282' title='bbox 283 4661 334 4715; x_wconf 83' lang='lat' dir='ltr'><strong>wie</strong></span> <span class='ocrx_word' id='word_1_283' title='bbox 350 4661 404 4714; x_wconf 88' lang='lat' dir='ltr'><strong>alle</strong></span> <span class='ocrx_word' id='word_1_284' title='bbox 418 4659 495 4729; x_wconf 84' lang='lat' dir='ltr'><strong>jener</strong></span> <span class='ocrx_word' id='word_1_285' title='bbox 512 4659 584 4728; x_wconf 73' lang='lat' dir='ltr'><strong>Zeis,</strong></span> <span class='ocrx_word' id='word_1_286' title='bbox 605 4675 654 4713; x_wconf 84' lang='lat' dir='ltr'><strong>aus</strong></span> <span class='ocrx_word' id='word_1_287' title='bbox 671 4658 732 4713; x_wconf 83' lang='lat' dir='ltr'><strong>dem</strong></span> <span class='ocrx_word' id='word_1_288' title='bbox 748 4658 941 4714; x_wconf 79' lang='lat' dir='ltr'><strong>Griechischen</strong></span> <span class='ocrx_word' id='word_1_289' title='bbox 958 4675 1128 4726; x_wconf 74' lang='lat' dir='ltr'><strong>gemmea,</strong></span> <span class='ocrx_word' id='word_1_290' title='bbox 1146 4659 1210 4714; x_wconf 90' lang='lat' dir='ltr'><strong>aber</strong></span> <span class='ocrx_word' id='word_1_291' title='bbox 1226 4659 1270 4715; x_wconf 89' lang='lat' dir='ltr'><strong>die</strong></span> <span class='ocrx_word' id='word_1_292' title='bbox 1287 4662 1375 4716; x_wconf 69' lang='lat' dir='ltr'><strong>stark-</strong></span> 
     </span>
     <span class='ocr_line' id='line_1_33' title="bbox 159 4725 1375 4798; baseline 0.002 -18"><span class='ocrx_word' id='word_1_293' title='bbox 159 4730 227 4793; x_wconf 86' lang='lat' dir='ltr'><strong>sten,</strong></span> <span class='ocrx_word' id='word_1_294' title='bbox 242 4727 273 4797; x_wconf 88' lang='lat' dir='ltr'><strong>ja</strong></span> <span class='ocrx_word' id='word_1_295' title='bbox 290 4727 334 4782; x_wconf 90' lang='lat' dir='ltr'><strong>die</strong></span> <span class='ocrx_word' id='word_1_296' title='bbox 350 4729 481 4797; x_wconf 85' lang='lat' dir='ltr'><strong>grellsten</strong></span> <span class='ocrx_word' id='word_1_297' title='bbox 493 4726 678 4792; x_wconf 88' lang='lat' dir='ltr'><strong>Hebraismen,</strong></span> <span class='ocrx_word' id='word_1_298' title='bbox 694 4742 788 4782; x_wconf 82' lang='lat' dir='ltr'><strong>wovon</strong></span> <span class='ocrx_word' id='word_1_299' title='bbox 805 4726 848 4782; x_wconf 88' lang='lat' dir='ltr'><strong>die</strong></span> <span class='ocrx_word' id='word_1_300' title='bbox 860 4725 1011 4783; x_wconf 80' lang='lat' dir='ltr'><strong>Vorsehriit</strong></span> <span class='ocrx_word' id='word_1_301' title='bbox 1022 4729 1141 4782; x_wconf 83' lang='lat' dir='ltr'><strong>strotzen</strong></span> <span class='ocrx_word' id='word_1_302' title='bbox 1153 4730 1263 4798; x_wconf 72' lang='lat' dir='ltr'><strong>museto,</strong></span> <span class='ocrx_word' id='word_1_303' title='bbox 1280 4728 1375 4797; x_wconf 75' lang='lat' dir='ltr'><strong>seiger</strong></span> 
     </span>
    </p>
   </div>
   <div class='ocr_carea' id='block_1_6' title="bbox 0 0 1726 5116">
    <p class='ocr_par' dir='ltr' id='par_1_12' title="bbox 0 0 1726 5116">
     <span class='ocr_line' id='line_1_34' title="bbox 0 0 1726 5116; baseline 0 3"><span class='ocrx_word' id='word_1_304' title='bbox 0 0 1726 5116; x_wconf 95' lang='lat' dir='ltr'><strong> </strong></span> 
     </span>
    </p>
   </div>
  </div>
 </body>
</html>
