3402 5118
359 323 398 372 Ν
668 321 925 372 PROLEGOMENA
946 320 993 370 An
1013 321 1091 372 NOV.
1113 319 1261 370 TESTAM.

360 502 544 581 ediderunt,
571 502 629 568 sed
650 504 732 569 haec
753 503 819 569 iarn
840 502 936 569 valdo
958 512 1055 569 aucta
1075 511 1107 569 et
1127 502 1297 569 emendata
1321 502 1426 568 denuo
1448 501 1574 568 edenda

360 629 449 697 sunt,
485 628 517 685 et
542 620 576 685 in
601 621 664 686 hac
684 620 872 686 collectione
901 619 1043 708 plurima
1070 619 1402 707 comprehenduntur,
1429 641 1512 707 quae
1534 619 1576 684 ad

358 737 466 823 ipsam
488 736 610 804 codicis
633 739 718 804 sacri
740 737 898 824 originem
919 758 984 803 non
1005 738 1177 824 pertinent,
1197 735 1294 823 plane
1317 735 1510 824 apocrypha
1529 759 1574 801 se·

358 855 518 943 riorisque
540 833 667 920 aetatis.
690 852 839 920 omnibus
868 855 970 940 igitur
1000 854 1144 936 omissis,
1173 875 1257 941 quae
1282 854 1316 917 in
1337 852 1472 919 Patrum
1498 875 1577 940 apo·

315 1047 327 1076 ⁴
359 970 548 1038 stolicorum
569 971 699 1058 scriptis
730 979 761 1035 et
786 972 820 1035 in
849 971 934 1036 Novi
955 970 1155 1036 Testamenti
1188 969 1300 1036 codice
1322 969 1512 1056 apocrypho
1534 968 1576 1035 ad

357 1089 448 1175 ipsas
471 1088 603 1154 canonis
627 1088 768 1174 origines
789 1109 854 1152 non
876 1088 1053 1173 pertinent,
1077 1086 1193 1153 ceteris
1218 1108 1301 1174 quae
1331 1087 1395 1152 huc
1416 1087 1578 1173 pertinent

359 1204 520 1284 collectis,
548 1204 685 1270 efficitur
710 1203 836 1269 Novana
865 1201 1093 1269 Testamentum
1118 1217 1210 1268 entra
1236 1225 1383 1268 σοιτοιιιιο
1410 1215 1577 1288 νιοογιανοι,
1692 1253 1693 1282 ,

360 1320 447 1409 quod
481 1320 633 1407 colligere
661 1328 693 1386 et
719 1319 815 1386 edere
848 1343 946 1386 ausus
969 1342 1054 1404 sum,
1082 1322 1116 1384 in
1144 1320 1207 1386 hoc
1233 1342 1330 1408 opero
1352 1343 1424 1385 eam
1447 1329 1576 1386 secutus
1692 1307 1693 1370 Ϊ

357 1437 474 1524 legem,
496 1446 532 1503 ut
553 1438 662 1503 omnia
684 1439 820 1524 scripta,
850 1459 1061 1525 quaecunque
1087 1438 1121 1502 in
1145 1437 1232 1503 Novi
1259 1437 1460 1504 Testamenti
1485 1436 1577 1503 colle

358 1554 520 1620 ctionibus
543 1553 780 1641 antiquioribus
805 1552 911 1619 locum
938 1553 1110 1639 quemdam
1134 1553 1329 1633 habuerunt,
1357 1555 1426 1620 sive
1452 1556 1577 1641 integra

358 1672 427 1737 siue
450 1680 607 1758 exparte
629 1679 831 1754 conservata,
852 1670 994 1756 undique
1017 1671 1249 1758 conquirerem.

440 1788 533 1854 Sacri
555 1795 663 1853 autem
685 1787 808 1853 codicis
830 1788 972 1852 varietas
993 1788 1220 1872 antiquissima
1244 1777 1431 1853 revocanda
1456 1796 1505 1852 est
1532 1787 1574 1853 ad

358 1906 463 1993 ipsius
483 1904 726 1976 ,Christianismi
748 1904 929 1991 principale
951 1903 1135 1987 discrimen,
1163 1903 1365 1969 Iudaismum
1387 1912 1444 1970 aut
1466 1903 1573 1968 defen·

359 2021 464 2087 dentis
497 2029 555 2087 aut
579 2021 811 2108 impugnantis.
844 2021 900 2108 qui
926 2042 968 2085 ex
989 2018 1152 2086 Hebraeis
1181 2019 1302 2086 Christi
1327 1987 1574 2114 fidem'recepe-

357 2147 441 2215 runt,
463 2145 593 2226 praeter
614 2137 744 2204 Veteris
767 2136 969 2202 Testamenti
997 2137 1142 2204 codicem
1170 2139 1265 2202 unico
1283 2116 1456 2203 utebantur
1478 2159 1572 2203 evan·

357 2255 442 2342 gelio
471 2254 649 2320 secundum
676 2253 896 2337 Matthaeum,
927 2263 959 2319 et
987 2276 1025 2320 eo
1054 2254 1206 2342 primitus
1228 2253 1382 2320 hebraico
1405 2254 1458 2334 (cf.
1480 2255 1575 2319 huius

358 2375 467 2461 operis
491 2373 601 2440 fascic.
622 2371 692 2456 IV).
722 2373 817 2438 unico
849 2372 926 2436 huic
954 2371 1122 2457 evangelio
1151 2393 1255 2459 neque
1281 2370 1437 2459 epistulas
1467 2371 1572 2447 Pauli,

358 2511 453 2577 quem
478 2497 645 2578 tamquam
671 2496 854 2576 apostatam
880 2487 962 2574 legis
987 2487 1191 2570 recusabant,
1208 2487 1228 2565 ι)
1257 2510 1362 2576 neque
1389 2489 1474 2553 Acta
1498 2510 1573 2576 apo·

357 2606 511 2672 stolorum
527 2605 684 2671 canonica
699 2603 881 2687 addebant,
902 2603 968 2668 XII
984 2604 1205 2690 apostolorum
1220 2614 1252 2670 et
1265 2604 1360 2670 Pauli
1376 2605 1573 2670 discordiam

357 2723 464 2810 potius
486 2743 585 2810 quam
606 2721 813 2787 concordiam
837 2720 1074 2808 praedicantes.
1098 2720 1162 2786 alia
1184 2722 1312 2805 quidem
1333 2721 1420 2787 Acta
1442 2731 1571 2810 aposto·

356 2839 464 2906 lorum
484 2837 697 2927 recipiebant,
720 2838 837 2924 quibus
852 2837 975 2903 Paulus
993 2838 1256 2927 impugnabatur,
1280 2840 1486 2927 famososque
1502 2839 1574 2905 illos

357 2955 458 3022 libros
481 2956 639 3023 Clementi
660 2955 807 3020 Romano
822 2956 1018 3042 suppositos,
1044 2957 1099 3043 qui
1114 2955 1202 3021 Petri
1218 2957 1288 3021 veri
1306 2957 1478 3041 gentilium
1495 2980 1575 3046 apo·

358 3073 431 3139 stoli
452 3081 485 3138 et
505 3072 600 3138 Pauli
624 3072 700 3138 falsi
720 3071 890 3158 gentilium
919 3072 1072 3160 apostoli,
1102 3095 1160 3160 per
1183 3073 1348 3138 Simonem
1369 3096 1502 3161 magum
1523 3097 1573 3140 re·

280 3165 289 3182 ⁶
357 3191 565 3278 praesentati,
587 3189 766 3255 certamina
787 3196 948 3268 enarrant,
970 3188 1203 3266 lectitabant.²)
1224 3191 1321 3255 etiam
1336 3189 1391 3254 alii
1414 3190 1489 3256 libri
1506 3191 1571 3256 XII

357 3543 469 3599 librum:
488 3542 616 3610 Boitrtgo
632 3557 681 3596 zur
697 3540 855 3610 Einleitnng
872 3541 901 3596 in
919 3541 962 3596 dio
977 3540 1126 3597 biblischon
1139 3541 1281 3598 Schriften.
1310 3542 1369 3598 Vol,
1383 3542 1409 3598 I:
1427 3542 1477 3596 Dio
1489 3542 1577 3596 Evan-

355 3629 444 3698 gelien
461 3626 508 3682 der
524 3625 648 3681 Petriner
669 3624 732 3678 oder
748 3624 965 3681 Jndenchristen.
995 3626 1059 3681 Hal.
1080 3631 1157 3682 1832.

427 3713 452 3781 l)
470 3711 504 3766 cf.
517 3711 619 3766 Irenae.
638 3709 698 3765 adv.
712 3710 785 3766 haer.
804 3709 827 3778 I,
845 3713 885 3776 26,
904 3714 928 3779 2,
946 3710 1054 3780 Origen.
1073 3727 1094 3766 c.
1116 3711 1185 3767 Oels.
1205 3712 1237 3777 V,
1255 3715 1287 3767 65
1305 3712 1383 3782 (Opp.
1404 3712 1444 3766 od.
1459 3711 1576 3771 Ruae.1‚

356 3797 418 3866 628)
438 3793 495 3851 εἶσί
511 3795 568 3866 γάρ
585 3812 664 3858 τινες
681 3790 810 3865 αἱρέσεις
827 3795 882 3859 τὰς
898 3795 1014 3850 Παύλου
1032 3789 1190 3859 ἐπιστολὰς
1201 3799 1239 3866 μὴ
1252 3796 1453 3867 προσιέμεναι,
1474 3788 1576 3867 ὥσπερ
1688 3811 1689 3822 ’

354 3871 516 3949 Ἐβιοιναῖοι
535 3867 699 3947 ἀμφότεροι
716 3880 767 3934 καί
783 3875 813 3933 ολ
830 3879 1006 3946 καλούμενοι
1023 3868 1217 3949 Ἑγκρατηταί.
1246 3881 1378 3936 Eusebius
1396 3881 1454 3935 ΗΕ.
1472 3881 1523 3946 ΙΙΙ,
1536 3885 1576 3948 27,
1688 3889 1689 3908 ³

356 3969 385 4017 4:
410 3955 492 4019 οὗτοι
516 3961 549 4018 δέ
570 3963 721 4031 (Ελιίοοαεί)
742 3967 797 4018 τοῦ
818 3960 873 4030 μέν
890 3954 1057 4018 ἀποστόλου
1075 3961 1170 4027 πάσας
1193 3958 1246 4028 τὰς
1261 3960 1419 4030 ἐπιστολὰς
1436 3955 1579 4036 ἀρνητέας

300 4047 321 4086 -’
356 4049 481 4118 ἡγοῦντο
501 4038 575 4102 εἶναι
593 4048 663 4113 δεῖν,
682 4038 850 4117 ἀποστάτην
868 4037 1086 4112 ἀποκαλοῦντες
1102 4042 1190 4103 αὐτὸν
1208 4053 1262 4104 τοῦ
1280 4045 1377 4117 νόμου.

425 4133 451 4200 2)
468 4131 636 4201 Epiphanius
653 4133 733 4190 Haor.
752 4134 837 4200 XXX,
858 4135 938 4212 ¹⁵³⁰
955 4136 1110 4194 Ebionaeis:
1130 4141 1265 4209 ’χρῶνται
1286 4133 1318 4190 δέ
1336 4136 1386 4190 καί
1402 4126 1502 4199 ἄλλαις
1518 4137 1578 4190 τισί

355 4211 479 4288 βίβλοις,
507 4219 596 4286 δῆθεν
624 4225 689 4282 ταῖς
710 4212 868 4289 Περιόδοις
887 4218 1082 4290 καλουμέναις
1102 4220 1235 4292 Πέτρου,
1256 4226 1320 4282 ταῖς
1341 4213 1389 4274 διὰ
1412 4221 1578 4288 Κλήμεντος
1687 4261 1688 4292 ,

356 4301 540 4372 γραφείσαις,
559 4303 790 4372 νοθητεῦσαντες
806 4302 861 4372 μέν
879 4298 915 4361 τὰ
933 4301 966 4361 έν
986 4308 1100 4374 αὐτοῖς,
1121 4303 1206 4374 ὀλίγα
1229 4302 1261 4360 δέ
1284 4296 1408 4382 ἀληθινὰ
1429 4296 1577 4367 ἐάσαντες.
1687 4295 1688 4356 ζ

356 4401 379 4440 c.
398 4388 442 4440 16:
461 4378 613 4457 Πράξεις
631 4385 663 4442 δέ
682 4380 768 4452 ἄλλας
784 4392 925 4444 καλοῦσιν
948 4379 1160 4445 ἀποστόλων
1184 4381 1274 4454 εἶναι,
1294 4383 1327 4443 έν
1349 4389 1395 4452 αίς
1417 4381 1512 4443 πολλὰ
1529 4391 1578 4457 τῆς

355 4465 493 4541 ἀσεβείας
518 4462 616 4527 αάτιῦν
642 4467 764 4539 έμπλεα,
787 4467 875 4528 ένθεν
898 4472 932 4527 οὐ
954 4472 1110 4544 παρέργως
1129 4465 1206 4527 κατὰ
1227 4476 1279 4543 τῆς
1300 4464 1440 4542 ἀληθείας
1456 4469 1578 4535 ἑαυτοὺς

357 4544 498 4610 ὥπλισαν.
515 4544 706 4626 ἀναβαθμοὺς
722 4554 755 4612 δέ
772 4573 853 4620 τινας
869 4558 920 4612 καί
936 4550 1098 4627 ὑφηγησεις
1114 4557 1205 4626 δῆθεν
1222 4553 1255 4612 ἐν
1271 4563 1335 4620 τοῖς
1350 4546 1578 4628 Ἄναβαθμοῖς

355 4637 527 4706 Ἰακώβου
544 4632 746 4704 ὑποτίθενται,
763 4635 806 4702 ὣς
824 4639 1024 4711 ἐξηγουμένου
1041 4637 1117 4696 κατά
1134 4658 1166 4695 τε
1183 4645 1238 4697 τοῦ
1255 4646 1328 4696 ναοῦ
1349 4642 1476 4697 καὶτῶν
1494 4642 1577 4695 θυσι-

299 4777 312 4802 .
357 4722 407 4785 ιῦν,
423 4715 500 4775 κατά
518 4738 551 4776 τε
568 4727 623 4777 τοῦ
639 4717 732 4793 πυρὸς
748 4728 803 4779 τοῦ
819 4720 853 4779 έν
869 4729 913 4799 τῷ
931 4727 1145 4800 θυσιαστηρίῳ,
1167 4728 1218 4782 καί
1239 4721 1313 4782 ἀλλα
1333 4719 1428 4780 πολλὰ
1444 4741 1574 4795 κενοφω-
1686 4789 1687 4794 ¹
