3402 5118
356 325 549 374 cnnmnn‘fls
571 327 645 376 nPP.
667 325 752 378 USUS
772 327 818 374 ΕΤ
839 326 1065 378 AUCTORITAS.
1219 331 1313 378 XXXI

89 508 168 562 tissa
179 503 392 561 archimandrita
403 505 543 574 (Doctrina
554 508 598 574 2³)
619 506 669 575 epi.
682 507 718 571 11,
739 513 759 561 1·
771 523 796 576 p.
811 510 853 572 14,
871 512 970 562 11-13
986 511 1110 564 3333331
1126 503 1181 577 (ὼς
1197 506 1277 579 λίγει
1295 509 1312 564 δ

87 583 174 661 ἅγιος
191 589 336 658 Κλήμης),
359 589 509 644 Antiochus
526 590 737 646 Palaestinenais
758 593 838 646 Hom.
856 592 947 647 XLIII
964 593 1080 662 priorem
1097 593 1243 650 Clementis
1260 595 1311 663 epi.

88 692 109 730 3.
131 679 161 730 13
181 677 360 744 3131133
378 691 457 730 nesse
473 674 587 729 videtur.
619 675 711 730 eodem
728 677 817 730 seonlo
828 675 970 730 Maximus
987 677 1121 733 confessor
1129 680 1149 746 ¹)
1165 678 1313 734 Eusebium

88 760 192 814 multos
209 760 383 828 antiquorum
401 760 562 828 scriptorum
574 757 658 813 libres
669 760 882 828 praetermisisse
894 761 1009 816 monuit:
1028 763 1076 816 καί
1088 763 1146 830 μὴν
1157 753 1225 816 οὔτε
1237 761 1313 816 llus

87 844 193 899 ταίνσυ
210 841 281 906 τοὺς
302 836 412 907 πόνους
434 841 616 913 ἀνέγραψεν,
638 836 706 898 οὔτε
727 848 782 897 τοῦ
802 833 950 910 Ῥωμαίου
966 845 1149 913 Κλήμεντος,
1170 847 1245 912 πλήν
1261 845 1313 898 δάο

89 929 139 982 καὶ
155 921 261 994 μόνων
276 922 453 991 ἐπιστολῶν,
470 925 568 995 quibus
586 926 675 980 verbis
692 927 776 980 etiam
793 927 864 982 aliae
879 927 1027 982 Clementis
1044 927 1189 996 epistulae,
1209 928 1242 982 de
1259 929 1313 982 vir-

88 1010 216 1081 ginitate,
233 1009 375 1079 indigitsri
391 1010 553 1075 videntnrl).
588 1010 722 1064 Maximus
741 1027 853 1064 sermon.
871 1015 905 1065 49
923 1011 1071 1065 Clementis
1088 1012 1138 1080 epi.
1151 1011 1175 1074 Ι,
1187 1015 1220 1068 43
1233 1029 1259 1088 p.
1272 1017 1314 1079 13,

92 1100 132 1149 13.
154 1100 183 1150 11
204 1094 344 1163 excerpsit.

160 1179 267 1234 saeculo
280 1178 354 1233 VIII.
374 1177 489 1232 Ioannes
503 1178 691 1234 Damaermus
702 1195 716 1233 e
728 1179 875 1234 Clementis
888 1180 940 1248 spi.
956 1180 978 1246 1,
992 1183 1023 1234 ³³
1041 1196 1067 1248 p.
1080 1183 1122 1243 ³8,
1136 1184 1148 1233 1
1161 1196 1201 1249 sq.
1220 1181 1272 1250 epi.
1286 1181 1315 1236 II

91 1281 115 1318 3.
134 1269 167 1319 10
185 1281 211 1333 3.
231 1268 279 1330 17,
296 1266 341 1316 4-
348 1269 388 1319 84.
407 1279 429 1317 3.
448 1269 480 1318 13
498 1281 524 1334 3.
543 1268 574 1331 8,
592 1267 625 1320 23
643 1279 682 1333 33.
699 1265 829 1318 nonnulla
844 1264 935 1333 elegit.
964 1263 1057 1318 eodem
1074 1265 1129 1318 iere
1148 1265 1254 1320 saeculo
1272 1266 1315 1320 vel

91 1347 269 1418 praecedento
287 1350 401 1416 utraque
422 1348 567 1403 Clementis
585 1349 701 1420 epistula
719 1347 754 1402 ad
771 1348 924 1404 Corinthios
942 1350 1023 1402 etiam
1039 1351 1145 1419 epra'nee
1162 1366 1239 1405 versa
1256 1365 1314 1404 esse

91 1433 201 1488 videtur
218 1431 263 1500 (cl.
280 1449 306 1500 p.
319 1431 432 1498 xxm).
517 1433 519 1438 '
1183 1469 1186 1478 .
1386 1506 1388 1510 Ι

158 1517 268 1571 essenis
285 1515 333 1568 IX.
352 1515 484 1584 Georgius
502 1515 651 1585 syncellus,
668 1516 779 1572 11333111
796 1515 853 1571 ΗΕ.
871 1517 922 1580 ΙΠ,
943 1520 973 1570 16
991 1520 1108 1585 mentua,
1127 1518 1271 1588 Chronogr.
1290 1519 1313 1586 Ι,

90 1619 115 1671 p.
134 1605 185 1656 344
205 1603 279 1668 (311)
296 1599 411 1668 priorem
424 1600 727 1670 0133331133313131333
743 1603 883 1682 tamquam
900 1602 1045 1670 genuinam
1061 1603 1172 1672 agnovit
1189 1603 1314 1672 (313333

91 1684 225 1754 313311,
239 1700 262 1738 3.
275 1689 286 1738 1
301 1698 329 1751 3.
342 1687 366 1751 ³,
379 1687 455 1750 9-4,
473 1689 489 1740 2
506 1687 602 1740 notata
619 1686 701 1752 3331).
731 1685 796 1742 haec
809 1685 983 1740 Anastmium
995 1685 1234 1748 Bibliotheoarium
1245 1703 1314 1742 saec·

90 1769 136 1823 lx.
154 1770 268 1822 exeunte
285 1768 370 1836 (Hist.
387 1771 450 1824 coel.
468 1769 556 1824 Paris.
577 1773 640 1827 1349
658 1787 683 1839 p.
704 1774 748 1824 l'lz
769 1770 850 1824 huius
867 1769 989 1838 epistole
1005 1771 1091 1826 fertur
1108 1771 1144 1826 ad
1161 1771 1315 1826 Corinthios

92 1854 186 1921 missa,
204 1869 286 1922 quam
302 1855 363 1908 tota
378 1853 484 1921 recipit,
501 1855 533 1908 31
548 1853 700 1924 1133313333
717 1846 845 1919 testatum
862 1855 985 1921 ecelesia)
1002 1856 1146 1926 repetiisse
1161 1854 1266 1910 monuit
1281 1855 1316 1910 Α.

93 1938 221 1993 Har-nack
238 1938 368 2007 (prulegg.
386 1955 412 2008 p.
429 1938 536 2006 LXIX).
569 1939 737 2007 Nicephorus
754 1932 909 2008 patriarcha
925 1939 1251 2010 constantinopolitanus,
1268 1939 1317 2007 331

92 2025 216 2078 mortuus
237 2024 280 2075 est
296 2037 320 2075 3
339 2025 403 2086 313,
425 2022 454 2075 13
475 2023 664 2077 Stichometris
681 2026 717 2092 (v.
734 2024 913 2092 3333113111
934 2025 1033 2092 3313)
1050 2024 1197 2079 Clementis
1216 2025 1318 2078 utrem-

94 2121 144 2174 que
160 2105 307 2174 epistulam
322 2107 378 2159 iam
389 2107 461 2161 inter
471 2106 542 2162 Novi
558 2107 726 2162 Testamenti
741 2108 826 2162 libros
843 2108 1008 2176 apocryphos
1024 2108 1130 2162 reiecit:
1148 2108 1318 2176 Κλήμεντος

95 2181 127 2243 α’.
144 2185 180 2260 β’.
199 2190 295 2258 στίχοι
310 2183 364 2262 βχ’
382 2189 516 2261 (1111110).
550 2191 579 2246 13
596 2191 768 2246 collectaneis
790 2192 903 2261 syriacis
924 2191 1025 2246 saeculi
1042 2192 1117 2256 VIII.
1134 2191 1178 2246 vel
1193 2191 1242 2246 IX.
1259 2191 1318 2244 lau·

95 2271 193 2328 dantur
210 2273 237 2328 S.
250 2272 397 2328 Clementis
414 2274 533 2344 episcopi
543 2275 658 2329 Romani
669 2277 802 2344 epistulae
812 2275 848 2330 ad
859 2275 1013 2330 Corinthios
1025 2276 1061 2342 (Ι)
1076 2291 1098 2329 o.
1111 2280 1144 2330 14
1155 2291 1182 2344 p.
1193 2279 1234 2339 19,
1247 2279 1262 2329 3
1277 2289 1316 2345 sq.

96 2357 276 2412 3333313111.
294 2355 407 2411 Photiuc
425 2357 457 2412 de
475 2361 590 2427 utraque
607 2360 724 2429 epistula
741 2361 792 2414 hoo
803 2359 932 2414 iudicium
944 2360 1029 2414 tulit:

159 2440 231 2496 Bibl.
251 2441 309 2495 eod.
334 2441 388 2495 113.
408 2433 494 2505 odric
511 2437 592 2497 ἐστιν
608 2439 625 2497 ³
644 2444 771 2513 Κλήμης,
786 2445 855 2513 περὶ
872 2434 906 2498 οὗ
924 2458 1014 2513 φησιν
1034 2430 1051 2498 o‘
1067 2441 1228 2505 θεσπέσιος
1242 2442 1317 2496 ileo-

97 2528 144 2589 λος
165 2523 199 2581 ἐν
223 2529 260 2595 τῇ
281 2525 356 2596 πρὸς
379 2527 593 2596 Φιλιππησίοος
614 2523 756 2597 ἐπιστολῇ
776 2529 881 2597 (1113)
906 2527 991 2583 Μετὰ
1012 2529 1062 2583 καὶ
1083 2527 1252 2596 Κλήμεντος
1268 2526 1318 2581 καί

97 2613 155 2664 τῶν
173 2612 290 2664 λοιπῶν
307 2614 460 2680 συνεργῶν
475 2629 543 2679 μου,
561 2601 605 2666 ὧν
622 2609 660 2667 τὰ
675 2608 809 2680 ὀνόματα
826 2609 859 2668 ἐν
875 2609 966 2686 βίβλφ
985 2615 1068 2681 ζωῆς.
1097 2602 1244 2674 οὖτοςκαὶ
1255 2607 1318 2666 ιίπι-Ι

97 2696 202 2764 στολήν
223 2688 381 2765 ἀξιόλογον
402 2694 477 2764 πρὸς
500 2696 682 2765 Κορινθίους
703 2697 825 2767 γράφει,
847 2695 910 2766 ήτις
931 2695 1012 2766 παρδι
1036 2697 1156 2758 πολλοῖς
1172 2685 1319 2763 άποδσχής

97 2777 222 2848 ήξιάτθη,
250 2779 292 2842 ὡς
315 2780 366 2833 καὶ
387 2780 513 2853 δημοσίᾳ
535 2779 802 2850 ἀναγινώσκεσθαι.
836 2782 853 2850 ή
876 2779 909 2836 δὲ
932 2779 1074 2850 λεγομένη
1098 2779 1221 2849 δευτέρα
1243 2777 1319 2849 πρὸς

97 2861 162 2926 τοὺς
180 2859 287 2926 αὐτοὺς
305 2857 347 2926 ὼς
364 2865 457 2927 νόθος
475 2856 735 2934 άποδοκιμάζεται.
1253 2887 1260 2900 ⁴

161 2945 233 3001 Bibl.
252 2945 308 3000 cod.
328 2951 385 3001 12³.
404 2938 579 3016 ἀνεγνώσθη
594 2950 785 3018 βιβλαρίδιον,
803 2945 836 3004 ἐν
856 2937 1062 3022 ᾧΚλήμεντος
1079 2943 1232 3004 ἐπιστολαὶ
1243 2945 1329 3016 πρὸς,

97 3029 278 3098 Κορινθίους
294 3023 321 3101 β
340 3028 530 3101 ἐνεφίροντσ,
548 3020 592 3084 ὧν
608 3032 625 3102 ή
643 3031 747 3102 πρώτη
764 3024 802 3087 δι’
819 3030 915 3096 αἰτίας
927 3029 1032 3095 αὐτοὺς
1042 3025 1117 3101 dyst,
1134 3030 1255 3086 στάσεσι
1267 3031 1318 3085 καί

97 3120 238 3185 ταραχαῖς
253 3115 304 3169 καὶ
321 3116 459 3183 σχίσμασι
476 3117 529 3184 τήν
547 3113 720 3187 πρέπουσαν
737 3113 838 3180 αὐτοῖς
859 3113 976 3187 είρήνην
997 3117 1048 3171 καὶ
1067 3114 1210 3183 δμάνοιαν
1227 3110 1317 3181 ἐμπο-

96 3199 265 3253 λιτεύεσθαι
281 3197 433 3262 λύσαντας,
449 3199 500 3253 καί
516 3205 658 3270 παραινεῖ
674 3199 845 3256 παύσασθαι
862 3205 914 3254 τοῦ
931 3205 1032 3255 κακοῦ.
1065 3194 1176 3263 διπλοῦς
1192 3197 1226 3254 31
1242 3196 1318 3254 κατὰ

97 3285 146 3352 τήν
162 3282 275 3354 φράσιν
291 3283 342 3338 καὶ
359 3286 454 3352 σαφής
471 3279 534 3338 ἐστι
556 3285 607 3338 καὶ
628 3281 715 3354 ἐγγὺς
736 3290 788 3339 τοῦ
810 3281 1052 3352 ἐκκλησιαστικοῦ
1070 3284 1122 3340 καὶ
1138 3279 1318 3352 ἀπεριέργου

96 3369 288 3437 χαρακτῆρος.
324 3363 490 3422 αἰτιάσαιτο
515 3356 542 3420 δ’
565 3361 602 3422 ἄν
623 3384 668 3431 τις
685 3361 775 3424 αὐτὸν
792 3365 825 3423 ἐν
844 3367 975 3436 ταύταις,
998 3362 1045 3423 ὅτι
1062 3384 1095 3422 τε
1111 3373 1165 3423 τοῦ
1183 3360 1318 3420 ὠκεανοῦ

98 3443 154 3514 ἔξω
172 3443 304 3518 κόσμους
319 3448 400 3512 τινάς
416 3444 591 3506 ὑποτίθεται
610 3443 685 3506 εἶναι
701 3450 747 3518 (31.
765 3452 857 3522 3311,
876 3456 907 3508 20
926 3469 951 3521 p.
969 3456 1015 3517 11,
1035 3455 1065 3506 11
1080 3453 1139 3520 sq.),
1154 3451 1205 3506 καὶ
1221 3446 1317 3504 δεύτε-

99 3551 152 3604 ραν
168 3529 250 3598 ἴσως,
268 3527 315 3589 ὅτι
334 3535 377 3598 ὡς
393 3535 643 3610 παναληθεστάτῳ
661 3540 704 3610 τῷ
720 3534 795 3592 κατὰ
812 3537 865 3591 τὸν
882 3539 1002 3606 φοίνικα
1014 3535 1048 3592 τὸ
1061 3531 1166 3606 άρνεον
1182 3527 1288 3588 ὑποδεί
1305 3561 1317 3572 -

97 3635 166 3684 ματι
183 3617 323 3687 κέχρηται
340 3619 384 3688 (31.
403 3619 495 3688 3311,
514 3624 546 3676 11
564 3637 588 3690 3.
608 3624 650 3685 31,
668 3623 761 3690 deq),
779 3623 831 3676 καὶ
850 3616 950 3691 τρίτον
967 3615 1014 3675 ὅτι
1027 3617 1166 3689 ἀρχιερέα
1184 3618 1316 3686 καίπρο-

97 3700 205 3771 στάτην
216 3700 270 3756 τὸν
281 3702 384 3772 κύριον
395 3703 478 3772 ήμῶν
495 3697 610 3772 Ἰησοῦν
627 3704 762 3773 Χριστδν
778 3701 967 3772 ἐξονομάζων
984 3704 1046 3774 (331
1060 3705 1082 3769 Ι,
1095 3705 1127 3757 33
1139 3720 1165 3771 p.
1176 3706 1218 3766 41,
1233 3705 1264 3756 11
1277 3717 1316 3769 33.

98 3801 118 3840 3.
131 3789 161 3840 31
172 3802 199 3855 p.
207 3789 249 3849 63,
261 3791 291 3841 13
303 3802 343 3854 33.
362 3804 383 3841 e.
397 3790 430 3841 34
440 3803 465 3855 3.
471 3791 513 3849 61,
527 3790 621 3856 1133.)
634 3785 702 3844 οὐδὲ
717 3785 766 3852 τὰς
778 3791 957 3860 θεοπρεπεῖς
967 3789 1017 3842 καί
1028 3781 1211 3856 ὑψηλοτέρας
1222 3781 1317 3854 dccxc

98 3870 165 3938 περί
183 3866 274 3924 αὐτοῦ
291 3870 433 3938 φωνάς’)
468 3867 503 3926 οὐ
519 3876 577 3941 μὴν
599 3863 664 3926 οὐδ’
686 3863 948 3944 οἷπαρακαλύτιτωςΙ
961 3861 1051 3926 αὐτὸν
1073 3862 1188 3939 οὐδαμῇ
1203 3866 1236 3924 ἐν
1252 3867 1317 3923 τού-

96 3967 158 4016 τοις
174 3954 350 4023 βλασφημεῑ.
384 3947 451 4023 ἡδὲ
469 3953 593 4026 δευτέρα
615 3956 666 4011 καί
687 3959 760 4026 αὐτή
781 3956 941 4011 νουθεσίαν
961 3955 1011 4010 καί
1032 3952 1206 4024 παραίνεσιν
1222 3946 1290 4023 κρεί
1306 3981 1318 3992 -

97 4052 183 4100 τονος
201 4032 313 4106 εἰσάγει
332 4037 400 4108 βίου
416 4040 467 4094 καὶ
484 4034 517 4093 ἐν
535 4032 610 4109 ἀρχῇ
625 4041 659 4108 (3.
681 4043 691 4093 l
711 4058 738 4110 p.
755 4043 797 4104 39,
815 4040 843 4107 4)
860 4031 934 4094 θεὸν
950 4036 1003 4093 τὸν
1019 4037 1153 4109 Χριστὸν
1169 4035 1316 4107 κηρύσσει,

165 4307 182 4424 1
210 4305 512 4454 loletdrrdddgffldidrpdda
515 4308 653 4454 sdrlddydld
669 4305 955 4454 11113εῂ0113111113113111ι
964 4310 1048 4428 eldam
1069 4373 1215 4428 Clementis
1238 4373 1317 4453 Hom.

99 4439 184 4503 xvn,
205 4443 244 4494 13.
261 4439 309 4502 XI,
330 4443 358 4494 11
378 4445 521 4510 excerpant,
543 4457 597 4510 qua
619 4458 648 4496 1n
669 4458 698 4496 re
720 4457 827 4510 egregie
849 4441 912 4494 falsr
933 4443 997 4495 sunt
1016 4441 1142 4496 Potterns
1160 4440 1317 4510 (Clementra

101 4507 172 4562 1133.
194 4507 262 4576 Opp.
279 4506 317 4572 ΙΙ,
339 4511 414 4570 1626)
431 4512 459 4562 31
477 4510 511 4564 Η.
528 4509 560 4563 ll.
577 4509 607 4563 1.
627 4509 772 4564 Guerikius
788 4509 832 4576 (de
850 4508 941 4562 schola
958 4524 1027 4577 quae
1038 4507 1214 4563 Alexandriae
1226 4507 1318 4564 floruit
1361 4517 1364 4532 ⁴

101 4575 272 4637 3313313333,
289 4573 364 4628 Part.
381 4576 416 4630 Π.
436 4577 498 4631 Η31
519 4580 590 4634 1321.
609 4594 635 4646 p.
653 4580 727 4644 461),
749 4576 820 4630 hunc
840 4576 929 4630 locum
951 4575 1023 4631 inter
1040 4575 1185 4631 Clementis
1203 4575 1317 4631 Alexan·

103 4641 211 4698 driniir
249 4645 531 4698 menta'reoensentes.
676 4669 679 4676 ·

167 4712 194 4780 3)
212 4726 247 4764 3.
265 4724 334 4778 3333
351 4708 386 4762 31
403 4711 455 4780 331.
471 4712 495 4780 1,
514 4715 529 4766 1
547 4729 572 4781 p.
592 4714 615 4779 1,
634 4715 650 4764 1
667 4713 762 4768 noteta
779 4713 849 4766 3331.
