3442 5116
352 254 391 317 86
787 263 980 310 cnuunnrrs
1001 259 1132 312 nouum

351 439 449 513 τοῦτό
472 442 570 528 ἐσμεν
585 437 767 530 δίνδρωποι
782 443 836 508 καὶ
859 440 1019 531 φρόνησιν
1038 437 1154 526 ἔχομεν
1168 442 1225 510 καὶ
1238 436 1347 529 λόγον,
1363 436 1447 528 παρ’
1474 437 1574 509 αὐτοῦ

352 559 520 648 λαβόντες.
1264 571 1266 575 ’

435 681 561 768 reliqua
593 702 677 767 quae
705 659 851 745 feruntur
879 678 1054 745 Clementis
1079 680 1219 746 Romani
1250 680 1435 766 fragmenta
1443 729 1446 732 „
1466 681 1575 744 omnia

355 807 430 864 sunt
449 800 574 863 incerta
595 797 648 863 vel
666 795 797 862 aliunde
818 796 944 862 hausta.

440 923 482 982 1.
507 913 672 980 Maximus
699 913 806 979 Serm'
824 911 914 978 VIII.
942 911 992 978 ed.
1020 912 1193 979 Combefis.
1219 936 1250 1000 p.
1280 919 1340 981 556
1367 921 1401 978 et
1428 912 1576 978 collectio

355 1033 588 1098 sententiarum
610 1054 652 1096 ex
674 1030 821 1117 patribus
849 1029 987 1116 aliisque
1010 1029 1221 1117 scriptoribus
1250 1029 1321 1096 cod.
1346 1035 1414 1097 143.
1437 1029 1576 1098 Barocc.

356 1149 410 1216 fol.
432 1154 481 1216 29.
502 1171 535 1235 p.
559 1155 574 1216 1
598 1147 650 1226 (cf.
674 1147 792 1214 Grabii
813 1145 960 1234 spicileg.
982 1146 1072 1215 Patr.
1096 1155 1127 1212 et
1147 1147 1270 1213 haeret.
1293 1145 1342 1212 ed.
1365 1146 1407 1212 H.
1434 1147 1530 1212 Tum.
1551 1147 1576 1223 I,

353 1273 424 1333 276.
445 1269 535 1345 289);
567 1255 760 1351 Κλήμεντος
784 1256 923 1348 Ῥώμης·
959 1255 996 1328 οδ
1028 1256 1161 1327 δίκαιόν
1187 1258 1273 1342 ἔστι,
1305 1265 1364 1329 τοῦ
1389 1257 1577 1339 δεδωκότος

356 1375 695 1468 ἐγκαταλειφθέντος,
727 1375 874 1444 δοθέντα
902 1375 1108 1462 παραμένειν
1128 1380 1199 1457 τοῖς
1220 1373 1423 1464 όγναίμοσιν,
1451 1403 1577 1457 moneo,

357 1499 539 1564 Maximum
563 1499 660 1562 etiam
682 1497 762 1562 alibi
782 1497 894 1576 (Serm.
911 1497 1001 1562 LIII.
1022 1497 1060 1562 de
1084 1499 1193 1562 anima
1208 1521 1239 1584 p.
1256 1503 1330 1578 656)
1352 1499 1439 1564 viros
1452 1495 1576 1576 doctos,

356 1616 523 1681 Potterum
545 1616 580 1678 in
602 1613 775 1680 Clementis
798 1612 892 1678 Alex.
916 1613 1001 1700 Opp.
1024 1613 1066 1692 H,
1091 1619 1179 1690 1626,
1201 1613 1243 1678 H.
1266 1614 1305 1679 E.
1327 1614 1365 1678 F.
1382 1613 1582 1680 Guarikium

356 1732 416 1810 (de
439 1730 550 1796 schola
581 1752 665 1818 quae
691 1729 914 1794 Alexandriae
941 1729 1051 1795 floruit
1077 1729 1288 1810 catechetica,
1317 1739 1401 1817 part.
1429 1730 1472 1796 IL
1501 1730 1577 1796 Hel.

355 1852 447 1916 2825.
469 1870 501 1934 p.
527 1849 609 1929 161),
641 1845 809 1928 fefellisse,
838 1845 1015 1912 Clementis
1042 1846 1168 1911 dictum
1195 1847 1400 1930 referentem,
1428 1847 1518 1936 quod
1543 1846 1576 1910 hi

356 1957 584 2030 Alexandrino
607 1963 805 2044 tribuerunt,
836 1963 983 2029 Romano
1012 1962 1122 2040 (Hom.
1145 1963 1260 2040 XVII,
1289 1970 1335 2030 16.
1357 1963 1425 2044 XI,
1450 1968 1501 2044 11)
1523 1966 1576 2029 tri-

358 2081 533 2147 buendum.
568 2085 613 2146 ita
635 2079 786 2168 equidem
807 2079 862 2144 hic
885 2080 1015 2144 confero
1032 2078 1131 2146 Olem.
1149 2080 1291 2165 Recogn.
1314 2081 1371 2162 IV,
1387 2085 1432 2146 12.
1455 2081 1576 2146 varias·

359 2221 420 2286 que
441 2198 536 2264 huius
557 2197 635 2262 libri
655 2197 859 2263 recensiones
881 2197 1047 2262 exst'tisse
1069 2219 1192 2262 moneo.

442 2321 471 2382 2.
514 2316 651 2380 Ioannes
673 2313 900 2379 Damascenus
922 2312 1035 2398 Eclog.
1056 2314 1082 2394 I,
1104 2320 1143 2380 49
1173 2313 1275 2401 (Opp.
1297 2314 1339 2392 Π,
1362 2320 1423 2380 752
1445 2313 1495 2378 ed.
1520 2314 1579 2379 Le·

359 2433 481 2518 quien):
520 2433 590 2495 Τοῦ
616 2423 712 2514 ἁγίου
735 2424 924 2516 Κλήμεντος
945 2423 1134 2494 ἐπισκόπου
1153 2423 1293 2515 Ῥώμης·
1324 2422 1512 2516 -Λότιίρκης
1533 2422 1581 2505 εἷς

359 2540 563 2634 σωτηρίανή
590 2539 638 2623 εἷς
658 2543 742 2611 θεὸν
765 2538 950 2631 ἀνθρώπου
981 2538 1105 2632 δγόπη.
1149 2539 1399 2632 εὐγνωμοσύνης
1429 2539 1490 2630 γάρ
1510 2542 1581 2610 ἐστι

254 2718 256 2722 .
360 2661 398 2728 τὸ
421 2661 506 2748 πρὸς
526 2659 584 2727 τὸν
609 2665 669 2728 τοῦ
696 2653 779 2728 εἶναι
806 2658 887 2750 ἡμᾶς
913 2655 1023 2729 αἴτιον
1052 2657 1243 2742 ἀποστάζειν
1264 2658 1420 2750 στοργήν,
1451 2656 1514 2747 ὑφ’
1546 2652 1583 2750 ἧς
1643 2741 1645 2746 Ι

362 2777 418 2845 καὶ
440 2774 486 2856 εἰς
513 2774 664 2867 δεότερον
694 2777 751 2844 καὶ
777 2772 888 2869 ἀγήρω
916 2775 1022 2846 αἰῶνα
1050 2775 1299 2862 διασωζόμεθα.
1343 2781 1425 2848 haec
1452 2781 1582 2846 Noltius

363 2899 541 2980 (Kritische
570 2898 737 2964 Miscellen
765 2900 813 2965 in:
848 2899 988 2985 Tubing.
1023 2899 1118 2965 theol.
1144 2897 1397 2979 Quartalschrift
1433 2901 1513 2965 1859
1551 2923 1584 2986 p.
1704 2963 1708 2971 2

361 3021 435 3092 277>
463 3027 496 3080 et
521 3015 691 3100 Lightfuot
722 3021 783 3083 216
820 3025 907 3080 recte
943 3015 985 3080 ad
1013 3015 1114 3082 Olem.
1147 3015 1241 3081 Hom.
1269 2992 1327 3098 III,
1352 3020 1421 3093 7,8
1450 3038 1583 3080 revoca-

364 3142 489 3215 verunt,
511 3131 592 3218 Hg¹.
614 3131 657 3196 ad
679 3132 777 3198 Olem.
799 3133 891 3198 Rom.
912 3134 973 3219 epi.
996 3133 1022 3215 Ι,
1048 3140 1087 3201 57
1109 3156 1140 3220 p.
1161 3137 1210 3215 63,
1232 3139 1277 3199 16.

448 3257 474 3316 3.
517 3249 656 3314 Ioannes
678 3249 904 3315 Damascenus
926 3248 988 3314 l.·l.
1011 3251 1132 3336 pergit:
1162 3251 1222 3314 τοῦ
1244 3240 1357 3313 αὐτοῦ·
1391 3239 1585 3331 Ἔπείρασεν

366 3361 384 3431 ὁ
407 3362 490 3442 διὸς
510 3363 566 3430 τὸν
584 3359 747 3449 Ἀβραάμ,
771 3357 832 3428 oda
850 3358 979 3449 όγνοιῦν
993 3359 1042 3442 τίς
1064 3355 1111 3453 ήν,
1128 3357 1205 3428 ἀλλ’
1230 3364 1284 3428 ἵνα
1299 3367 1370 3441 τοῖς
1382 3361 1466 3447 μετὰ
1480 3367 1585 3428 ταῦτα

367 3477 454 3569 δείξῃ
484 3480 542 3546 καὶ
568 3479 613 3571 μή
646 3479 754 3570 κρόψη
782 3479 840 3546 τὸν
866 3485 1017 3547 τοιοῦτον
1044 3478 1101 3547 καὶ
1130 3475 1271 3570 διεγείρη
1300 3474 1348 3558 εἰς
1368 3475 1507 3567 μίμησιν
1528 3483 1587 3568 τῆς

366 3594 491 3664 ἐκείνου
512 3593 656 3676 πίστεως
676 3595 734 3663 καὶ
754 3592 927 3686 ὑπομονῆς
948 3596 1005 3664 καὶ
1019 3593 1122 3686 πείσῃ
1140 3597 1195 3664 καὶ
1211 3595 1334 3664 τέκνων
1348 3602 1487 3686 στοργῆς
1502 3590 1587 3681 δμε-

368 3715 434 3780 λεῖν
455 3713 541 3800 πρὸς
568 3707 777 3804 ἐκπλήρωσιν
803 3719 899 3781 θείου
922 3707 1186 3800 προστάγματος·
1216 3712 1299 3780 ὅθεν
1320 3703 1489 3802 ἔγγραφον
1509 3711 1588 3799 περὶ

369 3826 466 3898 αὐτοῦ
487 3825 636 3918 ἱστορίαν
659 3829 817 3915 γενέσθαι
840 3826 1059 3919 ηίκονόμησεν.
1103 3837 1201 3903 etiarn
1228 3835 1309 3900 haec
1330 3857 1395 3900 non
1417 3833 1460 3899 ad
1484 3833 1587 3900 Olem.

369 3955 432 4039 epi.
454 3953 480 4031 Ι,
504 3959 543 4018 57
565 3952 612 4034 (ut
632 3951 697 4037 Hg.
720 3953 754 4016 in
777 3951 826 4018 ed.
847 3951 864 4016 I
886 3953 1036 4040 opinatus
1059 3959 1131 4035 est),
1157 3953 1215 4017 sed
1237 3952 1278 4017 ad
1293 3953 1393 4018 Olem.
1407 3951 1504 4017 Hom.
1527 3951 1587 4029 ΙΠ,

371 4076 419 4136 16.
442 4075 490 4135 36.
512 4075 551 4136 43
574 4047 758 4133 revocanda
781 4078 862 4152 sunt,
886 4071 924 4133 cf.
946 4067 1047 4134 Noltii
1069 4069 1090 4134 l.
1113 4049 1188 4135 let
1211 4069 1330 4153 Lightf.
1352 4068 1371 4132 l.
1386 4068 1407 4133 l.

454 4193 482 4252 4.
524 4183 698 4251 Iacobsoni
729 4185 944 4272 fragmentum
975 4185 1023 4252 VI
1060 4185 1161 4272 (apud
1183 4185 1304 4270 Lightf.
1336 4209 1366 4270 p.
1388 4191 1448 4250 217
1471 4188 1545 4269 sq.),
1571 4209 1589 4250 e

371 4301 509 4368 Maximi
533 4303 635 4368 Serm.
657 4302 761 4368 LXII.
784 4326 815 4390 p.
834 4307 894 4369 673
914 4312 945 4368 et
967 4303 1154 4368 collectione
1178 4304 1407 4367 sententiarum
1426 4324 1467 4368 ex
1486 4303 1588 4388 patri-

371 4419 433 4484 bus
457 4419 606 4508 alliisque
622 4419 834 4505 scriptoribus
852 4420 1077 4507 decerptarum
1095 4421 1128 4486 in
1150 4419 1218 4484 cod.
1233 4423 1293 4485 243
1315 4419 1450 4484 Barocc.
1472 4418 1589 4483 biblio·

373 4535 482 4601 thecae
505 4536 702 4602 Bodleianae
728 4537 849 4603 editum
877 4546 926 4601 est
954 4561 972 4602 a
1002 4536 1126 4603 Grabic
1162 4535 1322 4623 (spicileg.
1349 4535 1380 4618 Ι,
1406 4539 1487 4612 289).
1531 4535 1590 4600 sed

372 4654 454 4719 haec
481 4655 523 4720 ad
547 4653 720 4724 Clementis
749 4655 845 4723 Hom.
867 4653 932 4732 IV,
962 4661 1008 4721 11.
1034 4660 1071 4727 18
1101 4662 1188 4724 recte
1204 4652 1393 4743 ¹retulerunt
1420 4653 1461 4719 A.
1482 4653 1520 4721 P.
1548 4651 1590 4722 dc
