3402 5118
365 253 419 302 XII
836 250 1100 302 PROLEGOMENA.

365 433 517 504 deperditae
538 436 566 490 et
589 435 724 490 vetustate
746 450 838 490 exesae
862 437 933 490 sunt.
974 433 1061 502 ipsius
1088 432 1238 502 scripturae
1264 429 1375 486 mendae
1399 447 1453 485 non
1478 445 1577 500 paucae

365 521 436 574 sunt.
470 520 499 574 in
516 517 625 574 edendis
647 517 733 587 igitur
754 519 797 574 his
814 519 940 588 epistulis
956 517 1073 588 primum
1090 516 1288 586 requirebatur,
1311 518 1342 570 ut
1358 514 1439 570 codex
1456 518 1577 570 accurate
1685 513 1686 516 ’

364 603 495 667 ederetur,
512 604 571 657 tum
588 608 620 656 ut
635 603 726 656 textus
743 603 801 672 ipse
818 604 1013 659 restitueretur.
1055 637 1058 643 -

430 687 512 742 etiam
530 687 644 742 alterum
667 687 812 742 Clementis
834 687 948 742 Romani
974 687 1148 755 epistularum
1172 683 1289 740 codicem
1311 684 1451 738 inventum
1467 685 1503 738 iri
1520 701 1577 754 spe-

363 771 434 826 ravit
451 769 558 840 quidem
575 770 769 826 Constantinus
786 769 967 834 Tischendori,
986 769 1033 824 sed
1051 787 1111 840 spes
1128 769 1233 824 fefellit.
1268 770 1325 838 ipse
1349 768 1415 824 haec
1437 769 1534 823 retulit
1545 769 1576 837 1)ι

364 855 470 922 „Quum
487 871 556 909 anno
576 854 787 910 asseveremus
809 855 838 908 in
855 853 1018 908 bibliotheca
1037 854 1063 908 S.
1081 853 1166 908 hiarci
1183 853 1320 908 codicibus
1337 853 1501 908 excutiendis
1519 870 1578 922 ope·

364 955 422 994 ram
440 939 545 1007 dabam,
562 955 631 994 unus
650 957 664 994 e
681 938 894 994 bibliothecariis
912 937 1118 992 Ferrarensibus
1137 937 1223 992 obiter
1244 933 1347 992 mecum
1365 936 1579 1005 cummunicavit,

364 1039 422 1078 esse
439 1023 567 1078 Ferrarae
587 1023 703 1078 codicem
725 1023 930 1091 palimpsestum
948 1021 1097 1090 antiquiore
1117 1023 1251 1090 scriptura
1272 1022 1416 1090 epistulam
1433 1022 1578 1076 Clementis

362 1107 478 1176 priorem
494 1109 689 1174 continentem
712 1123 739 1162 se
757 1108 845 1176 ipsum
861 1121 922 1160 cum
939 1105 1043 1174 Angelo
1060 1105 1132 1160 Maio
1155 1106 1332 1170 examinasse,
1355 1105 1402 1160 sed
1419 1106 1577 1176 scripturam

363 1194 471 1246 tantum
488 1208 541 1247 non
559 1208 619 1246 cum
636 1191 801 1246 Londinensi
818 1189 973 1245 consentire.
1008 1206 1107 1258 magno
1125 1190 1220 1244 exilio
1238 1192 1356 1260 tempore
1374 1190 1505 1246 desiderio
1521 1191 1579 1244 the-

364 1277 438 1331 sauri
455 1269 624 1330 Ferrarensis
641 1275 759 1330 tenebar.
796 1273 866 1343 quod
883 1275 955 1328 enim
970 1273 1189 1329 bibliothecarius
1206 1277 1386 1340 nuntiaverat,
1403 1273 1578 1329 confirmabat

364 1359 557 1428 quodammodo
582 1359 736 1414 Fridericus
763 1359 859 1417 Blurne
885 1359 913 1412 in
936 1358 1038 1412 Itinere
1060 1359 1170 1424 Italico,
1197 1359 1273 1413 cuius
1300 1360 1384 1413 voli
1410 1375 1471 1427 pag.
1491 1362 1539 1414 119
1563 1374 1579 1411 a

363 1444 464 1499 Meiere
481 1443 660 1514 antiquiorem
676 1444 752 1498 illam
774 1443 874 1497 codicis
895 1442 1065 1498 Ferrarensis
1086 1444 1248 1512 scripturam
1270 1443 1414 1508 detectam,
1437 1445 1464 1497 at
1485 1443 1536 1497 vol
1554 1447 1577 1497 4.

363 1545 425 1598 pag.
444 1533 493 1585 139
507 1529 606 1583 -Carolo
623 1528 709 1582 Witte
726 1530 834 1582 auctore
852 1543 915 1580 cum
932 1527 1035 1595 aliquot
1052 1527 1240 1596 Gregoriorum
1263 1529 1290 1581 et
1308 1527 1493 1596 chrysostomi
1515 1527 1578 1582 seri·

366 1613 422 1682 ptis
439 1613 635 1668 Clementinum
658 1628 725 1681 opus
747 1611 785 1666 ibi
808 1611 939 1666 contineri
960 1609 1036 1666 dicit.
1069 1611 1186 1680 augebat
1208 1627 1282 1680 spem
1304 1611 1493 1666 celeberrimus
1514 1611 1579 1666 Pro-

367 1697 453 1752 iessor
463 1697 599 1760 Halensis,
616 1695 664 1765 qui
675 1697 842 1751 accuratiora
858 1695 966 1764 roganti
983 1695 1051 1758 mihi
1061 1695 1207 1764 rescripsit,
1225 1712 1279 1750 non
1295 1698 1351 1750 tam
1369 1697 1483 1764 priorem
1501 1711 1579 1764 quam

367 1782 479 1836 alteram
502 1780 647 1836 Clementis
669 1781 813 1850 epistulam
833 1780 962 1835 Ferrarae
988 1782 1050 1834 ante
1071 1785 1105 1834 40
1128 1796 1212 1834 annos
1234 1797 1263 1834 se
1284 1779 1431 1848 invenisse,
1457 1779 1579 1834 nonnihil

367 1865 448 1920 etiam
466 1865 651 1936 descripsisse,
675 1864 810 1934 descripta
826 1867 968 1934 postquam
986 1864 1093 1920 Thiloni
1114 1862 1273 1918 tradidisset
1296 1881 1347 1934 quo
1370 1864 1525 1919 devenerint
1541 1864 1579 1918 la·

366 1953 430 2006 tere.
464 1949 527 2003 hinc
541 1965 626 2019 nuper
646 1949 759 2003 Romam
781 1964 864 2018 quum
885 1947 1074 2018 proficiscebar
1094 1948 1163 2002 nihil
1185 1949 1323 2018 antiquius
1346 1949 1429 2006 habui
1451 1965 1532 2018 quam
1549 1951 1579 2003 ut

366 2034 506 2088 Ferraram
527 2050 569 2087 me
591 2032 744 2088 conferrem.
778 2033 878 2089 librum
899 2032 1161 2101 exspectatissimum
1182 2034 1236 2086 iam
1257 2050 1339 2088 manu
1363 2035 1467 2089 tenenti
1490 2034 1579 2089 oblata

367 2121 411 2178 cst¹
426 2118 524 2187 Angeli
541 2117 608 2172 Maii
629 2116 759 2187 quaedam
785 2117 818 2172 de
839 2117 916 2172 libris
938 2116 1005 2170 Mas.
1024 2115 1230 2172 Ferrarensibus
1252 2118 1419 2183 dissertatio,
1445 2135 1498 2188 qua
1521 2119 1578 2172 Ola-
1620 2141 1622 2147 ,

366 2205 499 2256 montinac
522 2201 653 2271 epistulae
675 2219 692 2256 a
709 2218 737 2256 se
757 2203 884 2258 inventae
904 2201 1065 2256 mentionem
1089 2201 1162 2256 iacit.
1198 2202 1312 2272 denique
1334 2203 1393 2272 ipse
1414 2203 1462 2257 ille
1483 2202 1578 2257 biblio·

365 2287 502 2342 thocarius
520 2287 584 2340 anni
604 2290 681 2351 1843,
699 2302 770 2340 nunc
788 2285 945 2352 canonicus,
966 2301 997 2339 ex
1015 2284 1080 2339 aede
1097 2286 1155 2340 eius
1172 2286 1247 2342 urbis
1270 2286 1419 2343 cathedrali
1435 2287 1578 2342 arcessitus

366 2375 415 2435 est,
433 2371 558 2440 quicum
574 2371 646 2425 Maio
663 2372 729 2426 olim
745 2370 811 2424 folia
827 2371 958 2440 rescripta
979 2372 1192 2438 perscrutantem
1210 2374 1280 2426 certe
1305 2371 1509 2440 inscriptionem
1526 2371 1578 2440 epi-

366 2457 454 2510 stulae
470 2458 631 2524 κλημεντος
648 2472 701 2509 roo
719 2472 818 2524 ριιιμης
835 2455 891 2510 suis
909 2471 937 2510 se
955 2453 1040 2508 oculis
1057 2453 1157 2509 vidisse
1169 2455 1313 2510 asserebat.
1342 2456 1413 2510 hunc
1426 2471 1507 2531 quern
1521 2457 1578 2510 lan·

366 2539 449 2594 dabat
473 2539 584 2594 titulum
607 2538 722 2594 feliciter
747 2554 808 2592 mer
831 2539 928 2593 inveni.
968 2540 998 2592 at
1018 2554 1101 2594 usura
1122 2539 1186 2593 falsi
1210 2539 1305 2608 gaudii
1329 2540 1445 2595 fruebar.
1487 2556 1578 2595 revera

365 2622 435 2676 illud
452 2622 559 2691 quidem
575 2622 616 2677 ibi
633 2624 762 2692 scriptum
781 2623 834 2676 est:
863 2622 1023 2689 κλημεντος
1040 2638 1202 2678 ειιιακοιιου
1220 2624 1301 2692 (unde
1319 2641 1371 2678 τοιι
1389 2624 1461 2694 apud
1477 2626 1577 2680 Maium

364 2705 488 2772 fluxerat)
507 2723 613 2776 ρωμης,
632 2706 678 2761 sed
689 2707 863 2776 praecedunt:
886 2708 950 2776 βιος
967 2722 1020 2759 του
1038 2723 1125 2776 αγιου
1141 2725 1298 2778 μαρτυρος,
1317 2711 1344 2763 et
1362 2712 1509 2778 sequuntur
1526 2727 1577 2764 roe

264 2813 265 2820 ι
364 2804 605 2859 μαρτυρησαντος
622 2794 671 2847 etc.
705 2791 769 2844 huic
789 2789 861 2845 vitae
881 2789 1039 2856 Clementis,
1062 2789 1091 2843 in
1114 2805 1194 2859 quam
1210 2792 1312 2860 passim
1335 2793 1364 2846 in
1387 2795 1455 2847 actis
1474 2796 1577 2848 saneto-

365 2891 425 2928 rum
442 2875 649 2944 manuscriptis
666 2870 783 2930 incidere
799 2890 841 2928 me
857 2873 979 2937 memini,
1002 2890 1063 2928 cum
1084 2875 1208 2943 epistulis
1227 2876 1346 2938 eiusdem
1367 2877 1419 2931 viri
1437 2865 1593 2948 apostolici'

365 2959 435 3013 nihil
452 2975 590 3014 commune
608 2976 674 3025 esse,
692 2959 763 3014 inter
780 2957 899 3013 eruditos
917 2960 1048 3013 constat.“

433 3045 539 3112 praeter
560 3044 785 3113 exspectationem
806 3043 892 3112 igitur
917 3059 987 3097 anno
1013 3060 1077 3112 prae
1078 3045 1195 3140 terlapso
1217 3044 1363 3100 Clementis
1388 3047 1503 3101 Romani
1524 3047 1578 3117 epi·

366 3127 483 3182 s'tulae
474 3143 529 3180 ram
550 3128 606 3182 fere
627 3128 748 3196 integrae
770 3127 952 3182 innotuerunt
994 3127 1080 3182 edidit
1101 3145 1146 3182 eas
1169 3129 1210 3182 vir
1234 3129 1398 3184 clarissimus
1419 3130 1578 3185 Philotheus

365 3210 526 3279 Bryennius,
545 3211 685 3266 Serrarnm
702 3213 884 3309 metropolita,
910 3212 1033 3268 ecodica
1050 3213 1332 3283 Hierosolymitanoil,
1354 3213 1386 3268 de
1408 3231 1460 3283 quo
1478 3217 1538 3270 cet
1554 3209 1579 3282 η’

362 3296 420 3364 ipsc
437 3295 502 3350 haec
519 3297 626 3350 retulit·
655 3291 690 3350 τὸ
706 3289 907 3366 χειρόγραφον
923 3299 1012 3350 τοῦτο
1036 3296 1069 3351 έν
1086 3301 1122 3392 τη
1138 3289 1213 3352 κατὰ
1231 3292 1379 3367 Φανάριον
1396 3299 1579 3355 Κωνσταντι-

362 3372 531 3444 νοιιιιόλειις
546 3371 720 3477 βιβλιοθήκῃ
736 3383 790 3434 τοῦ
808 3383 1020 3450 πατριαρχικοῦ
1037 3384 1098 3434 τῶν
1114 3369 1329 3451 ιΙεηιοιιολιιμαν
1340 3373 1527 3450 Μετοχὶου’
1508 3399 1579 3437 arro·

361 3458 512 3530 κείμενιιν,
537 3451 590 3517 ὑπ’
614 3454 743 3533 αριθμὸν
764 3468 828 3528 456,
852 3460 999 3533 μεγέθους
1024 3461 1080 3531 μέν
1107 3459 1171 3520 ἐστι
1197 3468 1251 3519 τοῦ
1275 3469 1441 3536 preponere
1459 3467 1579 3536 (μήκους

336 3549 420 3614 ,olo
439 3547 489 3602 καλ
506 3539 634 3611 πλάτους
650 3552 708 3613 1115
725 3550 807 3618 γαλλ
828 3547 963 3617 μέτρον),
985 3549 1045 3601 τῶν
1071 3537 1186 3642 ἦμερων
1207 3547 1239 3604 δὲ
1265 3553 1315 3618 τῆς
1331 3551 1387 3604 IA.
1422 3569 1578 3606 εκαταντα-

362 3631 504 3699 ετηρίδος,
522 3626 555 3685 ἐν
573 3625 633 3686 ἔτει
639 3632 786 3704 σωτηρίῳ
806 3637 871 3687 1056
889 3629 1062 3696 τελειωθέν,
1086 3649 1125 3694 ως
1146 3631 1179 3687 ἐν
1196 3637 1232 3701 τῇ
1252 3627 1326 3703 πρὸς
1346 3637 1388 3708 τῷ
1412 3633 1490 3689 τέλει
1508 3633 1578 3690 idro-

360 3715 451 3785 χείρῳ
467 3715 666 3784 χρονολογικῇ
682 3710 841 3785 σημειώσει
859 3718 914 3770 τοῦ
932 3707 1135 3784 αντιγραφέιις
1152 3710 1322 3783 δεδήλωται.
1358 3713 1392 3772 ἐκ
1410 3712 1577 3787 addicavit
1685 3731 1686 3744 ¹

362 3790 531 3868 μεμβράνης
553 3791 648 3854 εἴκοσι
673 3792 748 3870 πρὸς
769 3805 833 3862 τοῖς
854 3791 961 3854 excedo
982 3799 1174 3867 συγκείμενον
1195 3795 1404 3872 περιλαμβάνει
1426 3794 1497 3858 τάδε
1518 3805 1577 3858 κτλ.

363 3881 470 3940 insunt:
498 3885 519 3936 1
538 3883 647 3938 Ioannis
665 3884 850 3953 chrysostomi
872 3875 1006 3951 Σύνοψις
1027 3886 1077 3949 τῆς
1099 3885 1224 3946 παλαιᾶς
1244 3885 1294 3938 καὶ
1315 3889 1415 3954 καινῆς
1432 3883 1579 3957 διαθήκης,

363 3962 397 4018 ἐν
413 3957 494 4030 τάξει
512 3953 742 4036 ὕιιομνηστικον,
759 3966 803 4022 fol.
824 3972 905 4022 1-aa
929 3967 1025 4036 (solum
1042 3968 1127 4022 Vetus
1145 3969 1345 4023 Testamentum
1368 3970 1532 4040 continens),
1554 3975 1576 4026 1

432 4169 457 4236 1)
475 4168 615 4248 Appendix
634 4163 753 4236 codicum
771 4170 999 4226 celeberrimorum
1016 4170 1140 4226 Sinaitici
1156 4170 1281 4226 Vaticani
1298 4171 1481 4227 Alexandrini.
1517 4192 1576 4229 eum
1685 4173 1686 4180 ’

363 4233 514 4289 imitatione
531 4237 650 4304 ipsorum
668 4239 762 4292 antiu
764 4255 877 4293 amanu
896 4239 1056 4307 scriptorum
1067 4255 1137 4292 nunc
1168 4233 1266 4293 rimum
1279 4238 1363 4294 edidit
1375 4240 1489 4296 Aonoth.
1502 4243 1578 4298 Frid.

363 4300 504 4358 Constant
482 4305 524 4358 tm
523 4305 724 4426 Tg'chendori
717 4255 875 4390 qLipsiae
869 4309 943 4361 1867
961 4307 1081 4387 prolegg.
1099 4323 1125 4375 p.
1143 4256 1201 4362 dv.

363 4433 438 4508 πρὸς
412 4372 583 4508 ⁸2diddgdvdt
584 4362 1579 4527 odddoddodlddtddocdrduxoddpddapdrupdddodqdydbmgdtdcdpigwdddlddtddd

361 4507 558 4576 Βιβλιοθήκης
579 4513 632 4562 τοῦ
649 4509 800 4588 Παναγίου
821 4501 923 4588 τάφου
940 4526 992 4562 νιιν
1013 4510 1132 4576 πρῶτον
1154 4497 1354 4574 ἐκδιδόμεναι
1361 4511 1481 4580 πλήρεις
1503 4509 1578 4579 μετὰ

362 4574 671 4711 ιέιὲιὲῒὶεγῖμέὲανιίκαὲ
690 4569 881 4697 σημειώσεαέν
906 4593 985 4701 11ιὸιῆ
989 4573 1139 4633 Φιλοθὲου
1168 4576 1330 4648 Βριιεννίου
1359 4578 1576 4647 μητροπολίτον

446 4659 469 4693 ιιι
549 4659 565 4694 ν
611 4661 652 4696 αιν
672 4659 848 4701 ταντινοιιιιο
867 4660 894 4697 ει
