3442 5116
371 279 412 341 64
829 289 1136 340 cummanum

219 532 223 542 .
332 551 335 556 ¹
370 465 474 540 αὐτοῦ
487 467 603 556 ὄνομα.
625 467 771 553 δέξασθε
784 469 843 562 την
857 469 1044 561 συμβουλὴν
1058 465 1163 562 ἡμῶν,
1178 469 1235 536 καί
1249 463 1344 538 ἐσται
1357 464 1591 559 ἀμεταμέλητα

369 584 455 672 ύμῖν.
470 587 508 680 ζῇ
518 586 583 677 γὰρ
599 583 618 656 ὁ
634 583 727 667 θεός,
745 586 801 656 καί
815 587 854 680 ζῇ
868 582 887 656 ὁ
903 581 1019 675 κύριος
1030 581 1156 675 Ἰησοῦς
1169 585 1317 673 Χριστὸς
1329 585 1387 655 καί
1400 585 1438 655 τὸ
1458 591 1591 671 πνεῦμα

368 703 408 774 τὸ
430 703 536 792 ἅγιον,
559 701 636 796 ἥτε
656 701 770 784 πίστις
790 702 848 773 καί
872 700 893 795 ἦ
918 701 1015 784 ἐλπίς
1042 707 1109 772 τῶν
1129 701 1305 772 ἐκλεκτῶν·
1332 700 1382 772 ότι
1405 699 1424 771 ὁ
1447 704 1593 791 ποιήσας

369 820 406 889 ἐν
425 817 715 913 ταπεινοφροσύνῃ
735 815 804 908 μετ’
829 819 981 902 ἐκτεναῦς
994 817 1180 902 ἐπιεικείας
1194 813 1449 912 ἆμεταμιλήτως
1468 819 1512 886 τὰ
1522 815 1591 890 dub

367 943 426 1008 τοῦ
447 943 533 1007 θεοῦ
555 935 720 1024 δεδομένα
743 936 951 1024 δικαιώματα
971 937 1029 1006 καί
1049 937 1297 1026 προστάγματα,
1325 927 1422 1018 οῦτος
1443 935 1590 1023 ἐντεταγ-
1617 945 1629 996 5

367 1053 469 1140 μένος
487 1054 546 1125 καί
567 1052 743 1144 ἐλλόγιμος
768 1051 863 1124 ἐσται
883 1051 931 1135 είς
956 1055 1015 1123 τὸν
1036 1049 1189 1144 ύριθμὸν
1213 1062 1280 1124 cciv
1308 1052 1507 1141 σωζομένων
1533 1055 1590 1123 διὰ

365 1167 474 1261 Ἰησοῦ
499 1177 662 1262 Χριστοῦ,
697 1167 738 1242 δι’
768 1163 809 1242 οῦ
830 1171 918 1241 ἐστίν
945 1167 1075 1264 stupu}
1105 1171 1187 1257 δόξα
1207 1167 1255 1254 είς
1282 1172 1360 1254 τοὺς
1380 1167 1505 1253 αίιῦνας
1524 1176 1591 1240 τῶν

368 1284 507 1360 αἰώνων.
527 1284 624 1381 ἐμήν.

209 1435 273 1478 sum.
285 1435 355 1484 aas.
451 1409 540 1476 LIX.
563 1401 639 1474 Ἐὰν
661 1403 700 1475 δέ
719 1431 806 1488 τινες
823 1401 1040 1497 οίπιιθήσωσι
1059 1411 1130 1486 τοῖς
1142 1401 1195 1475 ὕπ’
1216 1401 1318 1476 αῦτσῦ
1333 1401 1377 1473 δι’
1393 1402 1488 1498 ἡμῶν
1502 1401 1589 1496 εἰρη-

367 1521 497 1610 μένοις,
531 1522 780 1612 γινωσκέτωσαν
813 1522 870 1593 ότι
897 1521 1118 1612 παραπτώσει
1145 1523 1203 1592 καί
1235 1521 1380 1613 κινδύνῳ
1413 1519 1451 1591 ού
1479 1529 1589 1612 μικρῷ
1599 1537 1626 1588 16

368 1637 505 1722 ἑαυτούς
536 1639 737 1733 ἐνδήσοοσιν.
770 1638 865 1734 ἡμεῖς
895 1640 932 1710 δὲ
962 1635 1078 1731 ἀθῷοι
1105 1639 1258 1728 ἐσόμεθα
1288 1639 1357 1712 ύπδ
1385 1637 1507 1730 ταύτης
1534 1646 1590 1732 τῆς

368 1755 531 1847 ἁμαρτίας
550 1758 607 1828 καί
633 1754 855 1849 αἰτησόμεθα,
878 1757 991 1852 ἐκτενῆ
1012 1759 1070 1851 τὴν
1091 1757 1206 1850 δέησιν
1230 1759 1286 1828 καί
1313 1755 1441 1859 ίκεσίαν
1468 1763 1589 1827 ποιοῦ·

367 1899 474 1962 μενοι,
498 1874 592 1957 ὅπως
611 1876 668 1944 τὸν
690 1871 914 1964 ἀριθμὸντὸν
928 1875 1218 1966 κατηριθμημένον
1231 1874 1472 1970 τῶν-,ἐκλεκτῶν
1487 1870 1590 1944 αῦτοῦ
1611 1953 1615 1961 ,
1663 1922 1668 1931 =

368 1991 403 2060 ἐν
425 1992 493 2084 ὅλῳ
507 1998 554 2082 τῷ
566 1990 682 2084 κόσμῳ
704 1988 895 2085 διαφνλόξη
917 1989 1108 2094 όθραοστον
1130 1990 1148 2064 ὁ
1172 1993 1371 2084 δημιουργὸς
1390 1971 1457 2060 τῶν
1477 1989 1589 2060 ἆπύν-
1651 2036 1699 2060 ,η

366 2136 431 2178 των
460 2111 518 2178 διὰ
542 2117 601 2180 τοῦ
627 2106 841 2204 ἠγαπημένον
870 2087 1006 2191 παιδὸς·-
1021 2088 1122 2180 αῦτσῦ
1141 2106 1249 2198 Ἰησοῦ
1275 2114 1441 2199 Χριστοῦ,
1473 2111 1509 2178 δι
1535 2100 1588 2179 ὀῦ
1597 2121 1625 2174 16

368 2225 523 2297 ἐκόλασεν
541 2225 632 2320 ἡμᾶς
653 2224 724 2297 ἐπὸ
747 2225 885 2310 σκότους
906 2223 954 2308 εἷς
974 2233 1057 2318 φιῦς,
1080 2225 1150 2296 ἀπὸ
1170 2223 1333 2316 ἀγνωσίας
1347 2223 1395 2308 είς
1408 2223 1589 2314 ἐπίγνωσιν

368 2339 467 2436 δόξης
487 2341 652 2431 ὀνόματος
673 2341 784 2429 αὐτοῦ,
808 2342 955 2429 ἐλπίζειν
977 2343 1034 2414 ἐπὶ
1054 2345 1093 2412 τὸ
1114 2330 1294 2434 ύρχέγονον
1320 2339 1432 2433 πόσης
1452 2340 1589 2424 κτίσεως

368 2457 477 2548 ῦνομό
490 2487 559 2536 σον.
583 2457 716 2547 dreigos
729 2463 807 2546 τούς
824 2458 1030 2556 ὀφθαλμούς
1049 2472 1107 2558 τῆς
1126 2458 1264 2551 καρδίας
1285 2457 1378 2553 ἡμῶν
1406 2452 1455 2542 εἰς
1474 2461 1514 2532 τὸ
1537 2486 1588 2549 γι-

106 1698 276 1798 ςίιηα

368 2576 506 2648 νιόσκειν
525 2603 560 2651 σε
579 2580 637 2651 τὸν
655 2577 760 2667 μόνον
779 2579 925 2674 ῦψιστον
946 2579 982 2650 ἐν
1001 2575 1172 2674 ῦψίστοις,
1203 2577 1297 2668 όγιον
1319 2579 1354 2650 ἐν
1375 2575 1486 2667 ἆγίοις
1505 2574 1587 2648 ἀνα·

366 2861 464 2915 librum
491 2862 596 2916 numeri
623 2859 803 2930 ponebantur,
830 2859 955 2930 pluribus
995 2863 1109 2929 monuit,
1117 2861 1279 2915 locutionem
1290 2860 1379 2931 ipsam
1391 2863 1588 2931 peropportune

367 2933 438 2984 certe
450 2929 547 2986 abhinc
559 2929 685 2999 saeculis,
695 2931 766 2984 iuter
777 2929 822 2984 iol.
834 2931 850 2982 9
861 2931 955 2999 (pagg.
995 2929 1059 2983 huic
1084 2928 1142 2982 loco
1167 2927 1307 2982 convenire
1337 2931 1365 2982 et
1392 2929 1589 2983 accommodari

366 3001 399 3050 41
411 3000 440 3052 et
450 2999 494 3064 48)
516 2999 545 3052 in
558 2999 651 3052 ucstm
662 2997 778 3052 editione
796 3012 818 3052 c.
831 2999 860 3050 61
875 3013 901 3066 p.
914 3001 955 3058 57,
995 3013 1074 3066 posse
1102 2999 1131 3050 iu
1154 2996 1271 3067 epistula
1294 2993 1329 3049 ad
1350 2997 1430 3052 finem
1452 3001 1588 3064 vergente,

366 3070 413 3120 211
446 3082 480 3121 ue
535 3070 594 3120 067
627 3069 720 3129 ‚6610
733 3068 790 3134 πλη
831 3065 955 3134 σον...]
997 3065 1121 3120 ο1.α.46
1143 3080 1169 3132 p.
1188 3068 1228 3127 51,
1251 3067 1267 3118 6
1288 3077 1328 3133 sq.
1353 3066 1415 3133 post
1440 3079 1484 3118 me
1505 3064 1589 3118 etiam

368 3138 426 3214 134,
444 3083 820 3214 οὶκοιοιόᾶναςίκῦθμο
839 3132 955 3199 101130,
996 3131 1101 3202 Lighti.
1125 3131 1175 3185 huc
1197 3131 1379 3200 fragmentum
1399 3130 1527 3196 inseruit,
1556 3132 1590 3186 Δ.

365 3203 404 3271 [su
421 3205 515 3257 uestra
531 3201 648 3256 editione
664 3218 688 3256 c.
706 3204 740 3256 64
758 3218 784 3270 p.
796 3205 841 3268 61,
854 3204 887 3254 22
906 3239 954 3256 ...
996 3199 1131 3254 Hamuck.
1150 3215 1212 3254 vere
1229 3215 1282 3254 non
1299 3215 1382 3252 ausus
1401 3201 1444 3253 est
1461 3199 1589 3262 inserere,

365 3286 423 3324 τιον
439 3270 510 3340 κτλ]
528 3269 624 3324 iulium
641 3285 751 3350 upmere
766 3271 815 3323 136
832 3271 956 3323 notatum
997 3283 1079 3337 quum
1096 3267 1183 3321 multa
1200 3267 1293 3336 spun'a
1309 3267 1359 3321 sub
1377 3266 1525 3322 Clementis
1542 3283 1589 3321 ue·

366 3340 437 3404 erat3
454 3337 599 3393 hccunum
611 3337 702 3408 persib
715 3339 847 3392 necerim
859 3351 956 3392 caussa
996 3337 1069 3390 mine
1086 3351 1103 3388 a
1118 3335 1243 3404 patribus
1262 3333 1381 3402 allegata
1400 3351 1458 3388 esse
1475 3337 1589 3389 constet.

365 3408 407 3459 est
432 3421 481 3459 cur
505 3405 623 3461 codicem
648 3409 713 3459 tuuc
734 3420 816 3474 quum
837 3405 956 3458 numeris
1063 3403 1133 3460 LIX.
1165 3406 1206 3458 15.
1239 3395 1288 3456 διὰ
1317 3405 1372 3456 τοῦ
1400 3392 1477 3471 ἧγανι
1496 3401 1589 3469 μένον

365 3473 481 3528 arabicis
503 3472 663 3543 signabatur
686 3472 745 3553 ipso
770 3489 800 3526 ee
821 3473 880 3550 lece
903 3488 955 3526 nun
994 3465 1102 3532 παιδὸς
1119 3461 1212 3524 αύτοῦ
1227 3459 1326 3538 Ἰησοῦ
1334 3422 1512 3538 Χριστοῦόλδ
1547 3487 1587 3524 eu.

364 3541 499 3609 integrum
521 3544 646 3610 putemus
667 3541 776 3595 fmsse“.
806 3539 906 3594 ccdlcis
930 3541 955 3595 A
996 3539 1114 3592 cuntulit
1131 3536 1199 3606 Eph.
1216 3537 1240 3606 Ι,
1258 3541 1274 3591 6
1293 3531 1327 3591 ἐν
1343 3540 1387 3610 τῷ
1397 3487 1590 3610 tresnariae,

365 3625 448 3662 uuum
465 3607 559 3663 iulium
575 3609 669 3678 periit,
690 3608 733 3662 vel
745 3607 814 3662 duae
824 3609 955 3730 paginae,
995 3607 1056 3661 Act.
1074 3605 1126 3670 ΙΠ,
1145 3610 1184 3660 13.
1205 3607 1246 3659 26.
1269 3605 1316 3669 IV,
1334 3608 1375 3658 21.
1402 3608 1442 3659 30.
1465 3605 1590 3674 equidem

364 3676 409 3731 vel
425 3679 541 3745 quatuor
559 3678 711 3741 columnae,
731 3675 809 3730 idem'
836 3693 879 3730 ere
896 3692 954 3730 ver·
996 3674 1102 3728 confere
1118 3674 1231 3742 Martyr.
1249 3671 1340 3741 Polyc.
1355 3677 1387 3726 14
1412 3673 1502 3754 Ιησρῦ
1517 3675 1551 3728 X
1550 3692 1591 3743 ρι-

365 3743 459 3797 berum
477 3743 604 3814 ambitus,
621 3746 669 3814 qui
686 3745 820 3798 innostra
837 3744 954 3798 editione
996 3745 1070 3797 στοῦ
1084 3745 1139 3796 τοῦ
1156 3733 1309 3810 ἀγαπητοῦ
1320 3755 1375 3794 σου
1386 3741 1499 3803 παιδος.
1550 3745 1590 3795 16.

365 3827 388 3864 c.
408 3818 419 3865 1
440 3829 465 3880 p.
484 3815 509 3880 3,
528 3818 540 3866 1
560 3829 645 3882 usque
663 3813 698 3867 ad
716 3815 768 3867 αἵ
785 3829 811 3881 p.
826 3815 957 3881 καινῆς
996 3805 1136 3864 ἐκάλεσεν
1153 3809 1228 3879 ἡμᾶς
1246 3801 1304 3862 derb
1323 3801 1448 3870 σκότους
1466 3805 1509 3871 είς
1521 3813 1592 3880 φῶς

365 3880 494 3948 expletur.
520 3879 831 3950 haeccodieeliutegre
845 3895 954 3950 prorsus
996 3877 1039 3942 (ui.
1059 3893 1081 3931 α.
1100 3881 1133 3931 36
1150 3893 1176 3946 p.
1193 3880 1240 3940 42,
1260 3881 1271 3930 1
1292 3878 1352 3944 αα).
1374 3876 1469 3944 Bryeu.
1494 3879 1590 3931 eontu-

365 3947 565 4002 cenflrmautur.
617 4003 626 4028 ‚
996 3945 1031 3999 lit
1049 3949 1060 3999 1
1080 3945 1152 4000 Petr.
1170 3943 1237 4009 Π,9
1255 3947 1309 3999 τοῦ
1327 3941 1361 3998 ἐκ
1372 3939 1498 4006 σκότους
1514 3938 1591 4009 ὑμᾶς

432 4015 529 4071 LVIII·
558 4019 581 4070 ¹·
606 4011 809 4084 αμέταμέύηῖα
829 4014 864 4067 if·
885 4029 954 4084 quae
995 4018 1177 4086 καλέσαντος
1195 4013 1237 4084 εἰς
1253 4012 1288 4075 τὸ
1306 4010 1480 4086 θααμαστύν
1498 4010 1592 4074 αύτοῦ

365 4081 400 4137 ad
417 4087 491 4168 ⁰:4⁷
509 4099 536 4150 p.
548 4086 589 4164 52,
605 4088 634 4136 14
647 4097 687 4150 sq.
705 4083 799 4136 notata
811 4084 882 4166 sunt.
929 4084 956 4204 2ὁ
995 4093 1068 4156 φῶς,
1120 4081 1317 4170 11.δληιίζειν.
1339 4087 1436 4156 Bryeu.
1459 4088 1590 4206 praemit·

366 4155 389 4232 ι·
404 4152 457 4272 κ
490 4150 586 4274 κα
602 4145 954 4298 iussisses
995 4151 1590 4293 ακικκαικιακκ

365 4236 444 4406 (offigit
461 4287 518 4357 III,
538 4303 565 4356 p.
584 4289 614 4368 §l
635 4287 664 4371 A
677 4283 717 4367 021·
736 4283 858 4352 Bened.):
883 4286 956 4364 σλλα
995 4294 1045 4345 est.
1063 4293 1146 4372 etiam
1162 4291 1195 4345 A.
1213 4290 1341 4344 Hamack
1361 4295 1371 4356 t
1395 4288 1464 4368 beai.
1482 4289 1589 4344 Litera·

365 4371 402 4407 κα
435 4355 519 4434 Κλόμ
541 4372 555 4416 c
575 4354 849 4434 ᾳρχαινιωτιρονία.
865 4353 954 4433 μείω,
994 4361 1150 4427 turzertuug
1165 4361 1314 4421 1816,ιιο.4
1327 4373 1354 4436 p.
1365 4358 1425 4425 161)
1437 4372 1589 4412 smecausa

365 4421 408 4502 ed,
423 4437 510 4491 pruna
551 4418 955 4501 as1l-ctGulland10‚aexa't‘;
995 4423 1361 4481 hieronimudesideravrt.
1409 4428 1447 4480 18.
1466 4417 1590 4490 ἄνοιξον

364 4506 495 4560 chspec
523 4490 605 4544 θθῒθῒὶ
634 4487 705 4552 Θᾶὖδ
729 4489 784 4557 Zp,
807 4489 909 4556 φησίν»
939 4505 955 4541 ⁰
996 4494 1144 4558 emendavi,
1163 4487 1281 4558 ἀνοίξας
1298 4487 1590 4562 IetBryeu.-redc

364 4559 437 4628 θεὸς
458 4566 508 4620 καί
530 4557 547 4618 ό
569 4558 670 4636 κύριος
687 4558 799 4634 Ἰησοῦς
823 4563 856 4616 X
874 4555 955 4626 ιστύς
995 4555 1170 4630 ὀφθαλμούς
1181 4563 1232 4629 τῆς
1243 4555 1372 4630 καρδίας,
1384 4562 1417 4614 cf.
1431 4577 1454 4614 c.
1465 4563 1498 4614 36
1510 4566 1588 4630 pit,

363 4633 414 4686 καί
431 4627 467 4686 cd
483 4635 597 4699 πνεῦμα
613 4626 649 4686 τὸ
661 4629 754 4700 ἅγιον.
773 4630 839 4684 haec
885 4633 954 4684 otte·
997 4633 1038 4694 19,
1055 4630 1137 4684 etiam
1155 4644 1177 4682 c.
1198 4631 1228 4682 19
1245 4645 1271 4697 p.
1291 4631 1380 4691 21,24
1399 4634 1463 4692 τοῖς
1476 4622 1588 4696 ὄμμασι

365 4715 416 4753 nus
428 4699 472 4752 hic
484 4699 614 4752 excidisse
623 4699 737 4767 putavit.
750 4699 862 4766 Freyius
873 4698 954 4751 etiam
993 4699 1046 4766 τῆς
1062 4700 1163 4766 ψυχῆς.

1427 4855 1436 4888 b
