3442 5116
461 317 510 366 An
532 311 741 368 οοκοιυισοε
760 319 825 366 τοι.
847 321 869 379 1,
891 319 1000 371 60-64.
1300 305 1341 366 67

1006 397 1013 444 ι

124 490 343 584 σωφροσύνης
368 494 425 562 καί
451 491 623 587 ὑπομονῆς
651 495 760 564 πάντα
787 493 893 565 τόπον
921 492 1197 587 ἐψηλαφήσαμεν,
1218 491 1343 580 ὑπομι-

121 606 320 701 μνήσκοντες
341 613 410 679 δεῖν
428 607 522 698 ὑμᾶς
543 612 577 680 ἕν
599 611 793 704 δικαιοσύνῃ
815 613 871 682 καὶ
891 609 1040 704 ἀληθείᾳ
1054 613 1112 680 καί
1124 617 1343 702 μακροθυμίᾳ

121 732 167 815 τῷ
192 725 440 818 ποντοκράτορι
464 735 537 818 θεῷ
558 726 662 810 ὁσίως
686 725 871 819 εὐαρεστεῖν
900 726 1127 815 ὁμονοοῦντας
1158 724 1342 818 άμνησικά-

122 869 186 924 κως
210 843 248 914 έν
267 841 383 936 άγάπη
403 846 461 914 καί
481 842 592 938 εἰρήνῃ
612 847 695 931 μετὰ
716 845 868 926 έκτενοῦς
888 844 1081 928 ἐπιεικείας,
1106 845 1224 926 καθὼς
1237 846 1295 913 καί
1310 842 1343 914 οἰ

86 983 100 1034 5
123 961 415 1052 προδεδηλωμένοι
436 962 578 1053 πατέρες
598 959 690 1056 ήμῶν
712 959 930 1054 εῦηρέστησαν
949 963 1342 1055 ταπεινοφρονοῦιπεςτὰ

121 1081 209 1166 πρδς
227 1079 287 1150 τὸν
307 1078 437 1168 πατέρα
458 1083 515 1150 καὶ
538 1081 622 1150 θεὸν
643 1081 701 1150 καί
725 1077 855 1170 κτίστην
883 1081 942 1149 καί
967 1075 1096 1160 πάντας
1124 1075 1343 1168 ἀνθρώπους*

121 1197 178 1265 καί
204 1201 312 1266 ταῦτα
337 1195 485 1288 τοσούτῳ
512 1196 609 1288 ἥδιον
637 1194 881 1290 ὑπεμνήσαμεν,
913 1196 1031 1286 ἐπειδὴ
1061 1202 1181 1288 σαφοῦς
1207 1192 1343 1290 ᾔδειμεν

121 1312 264 1405 γράφειν
289 1311 379 1402 ἡμᾶς
407 1310 550 1403 ἀνδράσι
575 1319 708 1395 πιστοῖς
737 1314 794 1382 καί
817 1311 1097 1414 ἐλλογιμωτάτοις
1124 1313 1182 1382 καί
1210 1312 1363 1400 έγκεκυ-·

123 1425 226 1521 φύσιν
248 1435 294 1512 εἰς
313 1431 355 1500 τὰ
377 1429 476 1519 λόγια
498 1435 561 1520 τῆς
582 1427 742 1511 παιδείας
768 1437 826 1500 τοῦ
846 1437 938 1502 θεοῦ.
1042 1433 1166 1502 LXHI.
1201 1431 1345 1524 θεμιτὸν

87 1541 181 1624 Ῑοοὺν
203 1547 274 1616 έστί
294 1552 365 1628 τοῖς
384 1547 548 1628 τοιούτοις
568 1548 626 1616 καί
646 1545 816 1628 τοσούτοις
843 1545 1067 1636 ὑποδείγμασι
1093 1545 1344 1637 προσελθόντας

122 1663 309 1734 ὑποθεῖναι
328 1666 387 1733 τδν
401 1663 563 1756 τράχηλον
578 1666 636 1733 καὶ
655 1666 713 1736 τόν
726 1642 783 1758 τῆς
795 1663 950 1754 ὑπακοῆς
969 1663 1075 1734 τόπον
1090 1661 1340 1756 άναπληριῦσαι,

123 1780 216 1863 ὅπως
236 1779 456 1874 ήσυχάσαντες
475 1789 532 1873 τῆς
551 1779 695 1870 ματαίας
715 1780 862 1863 στάσεως
883 1782 941 1851 έπί
954 1783 1013 1852 τὸν
1032 1777 1252 1872 προκείμενον
1266 1779 1344 1873 ἡμῖν

124 1895 325 1990 ἐνάληθείηι
346 1900 474 1971 σκοπόν
496 1896 572 1982 δίχα
589 1900 716 1982 παντὸς
736 1897 855 1986 μιύμου
874 1898 1139 1989 καταντήσωμεν.
1151 1901 1261 1987 χαρὰν
1281 1899 1343 1984 γὰρ

122 2017 178 2086 καί
201 2012 403 2104 άγαλλίασιν
428 2014 507 2109 ήμῖν
531 2016 707 2102 παρέξευε,
734 2017 792 2086 ἐὰν
817 2013 965 2110 ὑπήκοοι
992 2014 1164 2106 γενόμενοι
1189 2021 1260 2096 τοῖς
1284 2012 1341 2108 ὑφ’

89 2129 218 2225 ικήμιῦν
240 2132 480 2221 γεγραμμένοις
501 2134 559 2201 διὰ
580 2139 639 2202 τοῦ
659 2130 755 2222 ἆγίοο
776 2133 966 2221 πνεύματος
991 2130 1157 2226 ἒκκόφητε
1183 2134 1242 2224 τήν
1264 2129 1344 2200 ἀθέ-

121 2277 220 2336 μιτον
240 2255 301 2319 τοῦ
323 2251 438 2344 ζήλους
458 2241 552 2337 ὑμιῦν
573 2247 673 2343 ὀργήν
693 2251 778 2320 κατὰ
800 2253 858 2343 τήν
879 2249 1030 2335 ἔντευξιν,
1054 2244 1096 2340 ἣν
1110 2247 1344 2339 ἐποιησάμεθα

123 2369 203 2458 περὶ
230 2363 359 2460 εἰρήνης
388 2369 446 2436 καί
474 2365 636 2453 ὁμονοίας
664 2367 699 2436 έν
724 2373 800 2462 τῇδε
826 2375 866 2462 τῇ
888 2367 1057 2460 ἐπιστολῇ.
1085 2367 1286 2460 ἐπέμψαμεν
1308 2367 1345 2434 δέ

123 2481 250 2573 άνδρας
270 2486 409 2566 πιστοὺς
429 2485 487 2552 καί
506 2482 692 2576 σώφρονας,
720 2481 791 2554 άπὸ
816 2483 968 2577 νεότητος
990 2481 1261 2576 άναστραφέντας
1282 2483 1345 2564 ἕως

123 2599 244 2695 γήρους
264 2598 447 2689 άμέμπτως
468 2601 503 2671 ἐν
524 2600 609 2694 ἡμῖν,
633 2605 750 2684 οἵτινες
770 2600 933 2692 μάρτυρες
953 2600 1087 2672 ἔσσονται
1109 2602 1231 2688 μεταξὺ
1251 2599 1344 2687 ὑμῶν

88 2719 180 2791 20καί
193 2716 308 2812 ήμῶν·
325 2723 422 2789 τοῦτο
445 2717 483 2788 δέ
503 2716 714 2812 ἐποιήσαμεν,
735 2725 790 2790 ἵνα
812 2716 924 2808 εἰδῆτε
939 2718 991 2788 ῦτι
1004 2722 1098 2790 πάσα
1114 2716 1196 2810 ἡμῖν
1210 2718 1352 2810 φροντίς·

123 2838 180 2907 καὶ
202 2837 316 2924 γέγονε
336 2837 394 2905 καί
415 2833 504 2904 έστιν
524 2842 570 2917 είς
589 2837 628 2905 τό
651 2836 687 2905 έν
706 2835 798 2920 τάχει
818 2835 905 2924 ὑμᾶς
923 2833 1119 2928 εἰρηνεῦσαι.

208 2957 329 3024 LXIV.
349 2954 494 3025 Λοιπὸν
515 2949 535 3024 δ
555 2950 792 3046 παντεπόπτης
805 2955 885 3034 θεὸς
906 2955 964 3023 καὶ
984 2951 1146 3045 δεσπότης
1163 2958 1232 3024 τιῦν
1245 2978 1355 3020 πνευι

109 3068 239 3156 ’μάτων
259 3071 318 3139 καί
338 3069 452 3159 κύριος
472 3069 583 3161 πάσης
603 3065 739 3160 σαρκός,
767 3068 785 3142 ὑ
812 3069 1030 3158 ἐκλεξάμενος
1054 3073 1112 3142 τόν
1143 3067 1256 3161 κύριον
1280 3066 1345 3162 Ἰη-

9 3245 10 3252 ,
88 3189 372 3316 ι,ηοοῦηνὴὅηφσγήιιν
392 3189 449 3256 καί
468 3185 560 3277 ἡμᾶς
581 3183 624 3256 δι’
648 3184 751 3256 αὑτοῦ
772 3185 818 3269 εἰς
839 3190 923 3258 λαὸν
943 3187 1146 3297 περιούσιον,
1169 3185 1344 3281 δηίηπάση
1400 3195 1405 3208 “
1431 3240 1434 3247 .
1518 3212 1537 3226 ··

89 3296 217 3398 γςφυχῇ
240 3295 482 3403 ἐπίκωλημένη
503 3306 542 3375 τδ
563 3305 817 3394 μεγαλοπρεπές
837 3306 895 3373 καί
915 3305 1014 3393 ῦγιον
1030 3297 1142 3393 ῦνομα
1164 3303 1268 3376 αὑτοῦ
1285 3303 1345 3373 πί-
1386 3293 1394 3321 ”

126 3412 208 3506 στιν,
240 3397 530 3513 φόβοῖεἰρήνην,
562 3420 737 3514 ὑπομονήν
766 3423 823 3491 καί
854 3420 1110 3512 μακροθυμίαν,
1137 3421 1341 3511 ἐγκράτειαν,

127 3536 272 3628 άγνείαν,
295 3539 511 3633 σωφροσύνην
533 3537 581 3621 εἰς
602 3536 813 3630 εὐαρέστησιν
831 3545 879 3629 τῷ
910 3535 1051 3626 ὀνόματι
1077 3535 1179 3609 αὑτοῦ
1207 3541 1264 3608 διὰ
1285 3545 1345 3608 τοῦ

10 3713 12 3722 ,
127 3653 306 3747 ἀρχιερέως
319 3659 377 3728 καί
390 3659 577 3747 προστάτου
591 3655 681 3750 ήμῶν
701 3653 807 3748 Ἰησοῦ
829 3663 987 3746 Χριστοῦ,
1006 3652 1049 3726 δι’
1073 3649 1113 3726 οῦ
1134 3652 1224 3747 αύτῷ
1246 3654 1338 3743 δόξα,
1363 3670 1429 3711 Hebr·
1442 3670 1490 3718 vn,

1353 3722 1411 3764 1—3.
1428 3721 1465 3770 lv,
1479 3722 1510 3763 16.

10 3757 13 3852 λ
125 3771 351 3867 μεγαλωσύνη,
371 3774 492 3864 κράτος
505 3776 562 3844 καί
576 3775 655 3863 τιμὴ
672 3775 729 3844 καί
743 3782 798 3844 νῦν
824 3776 882 3844 καί
902 3772 949 3856 εἰς
969 3770 1100 3854 πάντας
1119 3775 1196 3854 τοῦς
1222 3771 1347 3855 αἰῶνας

11 3901 12 3982 λ
89 3899 189 3966 κοτιῦν
211 3889 351 3964 αἰώνων.
372 3888 469 3984 ιίμήν.

191 4115 277 4171 LXII.
295 4119 319 4170 3.
337 4114 506 4185 εὐαρεστεῖν
522 4116 567 4182 (cf.
585 4117 604 4172 1.
617 4123 633 4171 5
645 4118 672 4172 ολ
689 4131 712 4170 c.
754 4120 795 4170 27.
806 4105 1344 4196 αγγιανΑ.-σωφροσὺνην1.καὶσω-

194 4223 201 4237 .
220 4188 262 4249 45,
282 4185 324 4253 Π)
341 4183 488 4250 emendavi,
507 4185 713 4255 εῦχαριστεϊνΙ
754 4179 1343 4261 φροσννηνΑολεδδ.ρειοεεσ.οίικοιΒτγεη.

12 4147 13 4187 ι

13 4236 14 4254 ’
124 4190 154 4306 ὑί
167 4201 265 4320 ὑιγοη.
754 4243 1021 4331 27.2,8.διδι)τοῦάρ
1042 4248 1344 4318 ισρέωςκαὶπροστα·

191 4319 287 4373 LXIV.
305 4325 346 4375 22.
365 4314 470 4374 λοιπόν
486 4321 510 4382 Ι.
524 4337 545 4375 ο.
559 4321 714 4376 Vansittart
754 4336 807 4372 τον
818 4320 899 4386 ημῶν
916 4319 1005 4385 Ιησοῦ
1039 4319 1150 4386 ριστοῦ,
1161 4315 1342 4384 etquaeadc.

124 4387 242 4457 fightf„
266 4387 364 4451 Gebh„
387 4387 514 4458 [λοιπον
535 4389 568 4453 Α,
585 4427 632 4442 ...
662 4405 714 4442 τον
755 4389 787 4439 36
800 4403 826 4454 p.
839 4389 882 4452 41,
897 4389 982 4452 λῦτο.
996 4387 1024 4438 et
1035 4383 1070 4437 ad
1081 4399 1104 4440 ο.
1122 4387 1152 4439 61
1166 4400 1192 4452 p.
1202 4387 1244 4450 66,
1260 4387 1298 4437 18.
1314 4387 1344 4436 19

18 4519 19 4524 ¹
124 4455 182 4509 Iun.
195 4458 224 4510 et
236 4471 307 4523 seqq.
318 4455 385 4520 εδδ,
407 4447 446 4524 [εί
457 4471 514 4509 πον
530 4456 574 4511 vel
590 4408 714 4526 [έλιξπον
755 4455 850 4506 notata
873 4453 944 4505 sunt.
1048 4455 1090 4505 29.
1111 4447 1344 4531 ueyazwmhvnss

123 4525 207 4578 Wott.
225 4553 259 4562 —
277 4523 346 4593 [xm]
365 4525 397 4578 A.
449 4527 491 4578 23.
509 4524 666 4593 [πα]σηςΑ.
680 4555 712 4562 -
755 4521 821 4574 οίΒ
854 4536 905 4587 οη,
921 4537 971 4572 και
989 4520 1162 4586 μεγαλωσνν
1197 4519 1343 4586 Aet-pno-

125 4591 199 4661 [το]ν
219 4592 252 4645 A.
303 4595 437 4671 24ηημας
455 4592 480 4645 Α
497 4594 525 4645 ot
542 4589 713 4658 omnesedd.‚
754 4605 797 4644 res
814 4536 874 4641 όάδ.
942 4588 983 4666 29.
1000 4587 1051 4639 καὶ
1069 4587 1137 4654 τιμὴ
1158 4537 1218 4642 ίοί
1235 4585 1342 4654 Bryon„

124 4659 206 4714 otiam
216 4659 323 4728 Bryon„
335 4666 416 4726 ημεῐς
426 4657 448 4712 Ι.
461 4689 494 4698 -
506 4659 570 4728 [ει]ς
586 4660 619 4713 Δ.
670 4661 713 4713 26.
754 4674 823 4726 τιμη
839 4657 864 4710 Α
881 4656 908 4708 εί
925 4669 1028 4724 ρτιοεοσ
1050 4651 1110 4707 εδδ.

17 4781 18 4784 ,
123 4728 172 4781 καὶ
188 4727 203 4781 Ι
222 4729 249 4780 et
265 4727 371 4796 Bryon„
389 4743 439 4781 om.
458 4728 483 4781 A
501 4729 528 4780 et
540 4727 641 4795 priores
653 4725 712 4780 edd.

1104 4793 1173 4857 ,5,
