3402 5118
348 353 349 356 ¹
429 336 624 384 OLEMENTIS
641 337 707 385 EPI.
727 339 750 383 1.
773 335 878 387 ORIGO
896 337 943 384 ET
964 338 1119 388 INDOLES·
1248 345 1379 393 XXXVII

155 514 216 570 dem
233 517 393 584 egentibus
411 519 518 584 natum,
539 517 690 572 Romanum
713 517 807 581 civem.
828 517 964 572 Romanae
986 519 1115 574 ecclesiae
1131 521 1317 590 presbyterum
1335 525 1378 579 vel

154 599 310 669 episcopum
327 616 450 670 agnosco,
470 600 516 655 sed
533 602 563 656 T.
581 601 675 656 Flavio
693 601 826 657 Clementi
843 603 872 656 in
889 601 940 656 hac
957 603 1074 672 epistula
1091 597 1160 657 nihil
1176 605 1306 675 relinquo,
1323 608 1377 662 nisi

155 683 227 756 quod
239 701 299 738 eam
311 685 460 740 Corinthiis
471 687 578 741 mittere
592 687 746 756 potuerit1).
759 717 760 720 =
779 686 903 740 namhoc
916 687 1066 742 certissime
1082 690 1195 754 constat,
1213 690 1378 754 Domitiano,

154 769 201 837 qui
227 770 309 840 paulo
331 771 394 840 po'st
416 771 582 854 Clementem
611 771 715 826 occisus
737 775 793 839 est,
814 770 902 826 adhuc
923 770 1073 842 imperante
1094 773 1238 842 epistulam
1260 775 1377 830 consori-

153 855 231 921 ptam
250 869 316 908 esse.

221 941 246 990 2.
282 936 437 992 Domitiani
461 941 544 992 amoti
569 939 625 994 iam
646 939 782 993 Patricius
807 939 903 994 Iunius
925 943 952 994 et
974 941 1123 996 Cotelerius
1152 942 1220 996 hanc
1241 941 1377 998 &manae

154 1021 283 1076 ecclesiae
301 1023 445 1092 epistulam
462 1026 533 1078 recte
550 1023 763 1078 vindicaverunt.
797 1022 869 1076 idem
885 1027 947 1091 post
958 1025 1107 1086 Bleelrium,
1123 1025 1308 1088 Tholuclrium,
1324 1025 1377 1082 Ne·

154 1105 277 1169 andrum
299 1107 525 1172 Schliemnnnum,
543 1107 716 1171 Gieselerum,
733 1107 908 1171 Bnnsenium,
925 1108 957 1162 A.
976 1109 1165 1175 Ritschelium,
1183 1110 1214 1164 Ο.
1231 1111 1263 1164 R.
1280 1113 1377 1168 Koest-

152 1189 251 1256 linum,
268 1191 438 1258 Reussium2)
456 1194 484 1246 et
500 1191 558 1261 ipse
576 1192 667 1246 censui
689 1194 786 1259 (apost.
804 1192 888 1246 Viter
903 1210 929 1262 p.
950 1196 983 1248 83
1004 1196 1062 1262 su).
1097 1198 1160 1263 post
1181 1211 1224 1250 me
1245 1197 1286 1252 ita
1306 1197 1377 1252 iudi-

154 1278 284 1328 caverunt
294 1275 324 1328 Ε.
337 1275 460 1331 Gundert
472 1277 500 1343 (l.
512 1277 550 1343 1,),
563 1277 632 1330 Ecce
645 1275 775 1343 llkker³),
792 1276 823 1330 R.
836 1277 868 1331 A.
880 1276 989 1346 Lipsius
995 1278 1030 1345 ⁴),
1048 1278 1069 1332 I.
1083 1279 1112 1332 O.
1125 1279 1161 1333 M.
1173 1280 1293 1335 Laurent
1305 1283 1378 1351 (pro-

152 1357 225 1427 legg.
237 1375 265 1427 p.
278 1359 380 1414 XXXV
397 1375 445 1428 sq,
464 1359 510 1414 sed
527 1361 681 1428 paulopost
699 1362 811 1414 mortem
827 1359 994 1428 Domitiani),
1013 1362 1034 1415 I.
1046 1361 1077 1416 Β.
1089 1363 1217 1431 Lighfcet
1234 1367 1299 1434 (p.4
1316 1368 1376 1434 sq.)‚

154 1442 208 1496 iac.
218 1442 414 1511 Dominum),
431 1444 498 1499 Ado.
511 1444 638 1498 Harnack
651 1444 778 1513 (prolegg.
797 1462 823 1514 p.
842 1445 956 1499 LXXXI
973 1446 1033 1514 sip),
1050 1445 1210 1502 Philotheus
1225 1449 1378 1518 Bryennius

154 1527 226 1594 (σελ.
251 1521 296 1597 eil
312 1546 339 1581 κ.
350 1545 375 1583 τ.
393 1525 442 1596 a),
464 1527 606 1582 Eduardus
623 1529 755 1596 Zelleri),
777 1528 834 1582 alii.
871 1529 983 1583 ethaeo
1005 1531 1140 1584 sententia
1162 1533 1234 1585 omni
1251 1549 1283 1586 ex
1301 1536 1377 1602 parte

154 1611 337 1665 confirmatur.
371 1613 452 1682 pauci
473 1613 555 1667 etiam
577 1627 649 1666 nnnc
672 1611 809 1680 Grotium,
837 1611 1018 1676 Dodwellurn‚
1046 1614 1187 1679 Grabium,
1211 1617 1376 1682 Wottonum‚

153 1694 329 1750 (lallandium
356 1697 442 1751 secuti
466 1696 521 1751 iam
542 1697 658 1751 Neronis
680 1696 791 1766 imperio
809 1700 920 1750 exeunte
942 1700 977 1765 (a.
997 1699 1040 1764 68)
1063 1698 1132 1752 hanc
1149 1699 1293 1768 epistulam
1311 1702 1377 1755 sori-

151 1781 230 1847 ptam
257 1795 315 1832 esse
340 1782 450 1848 putant,
477 1781 548 1834 inter
573 1780 719 1835 catholicos
740 1780 879 1849 theologos
901 1781 1035 1844 Heielius,
1057 1783 1128 1836 inter
1148 1787 1329 1853 protestantes
1347 1785 1376 1840 O.

152 1862 326 1918 Wieselerns.
362 1862 516 1918 seiherum
534 1865 694 1918 sententiam
711 1865 773 1932 ipsa
790 1853 907 1932 epistula
924 1865 1031 1933 refellit,
1049 1866 1147 1936 quippe
1164 1883 1233 1936 quae
1251 1885 1273 1923 c.
1287 1874 1298 1923 1
1313 1887 1338 1938 p.
1352 1876 1376 1933 3,

154 1951 168 2001 1
188 1961 229 2014 sq.
266 1946 357 2001 crebro
375 1950 488 2004 iteratas
499 1949 712 2002 Christianorum
725 1948 902 2012 calamitates,
920 1949 1013 2018 quales
1027 1950 1189 2016 Domitiano,
1206 1969 1260 2006 non
1271 1955 1376 2008 Nerone

153 2031 306 2100 imperante
321 2031 484 2100 acciderunt,
501 2031 545 2086 vix
557 2033 755 2102 praeterlapsae
768 2032 849 2100 dicat,
867 2049 888 2086 o.
907 2037 940 2086 44
958 2051 983 2102 p.
1002 2037 1043 2100 48,
1062 2039 1086 2088 8.
1107 2039 1137 2089 10
1156 2035 1325 2106 presbyteros
1342 2039 1377 2091 ab

152 2112 287 2182 apostolis
299 2113 413 2184 aliisque
428 2115 494 2170 viris
505 2115 657 2184 insignibus
670 2116 831 2170 constitutos
842 2116 1122 2186 μεμαρτυρημένους
1134 2136 1167 2174 τε
1179 2121 1299 2183 πολλοῖς
1307 2117 1377 2189 χρό-

151 2213 219 2259 νοις
237 2191 295 2252 ὑπὸ
313 2191 440 2264 πάντων,
458 2215 480 2253 o.
499 2203 531 2253 4'1
549 2216 575 2269 p.
594 2205 636 2265 52,
656 2205 687 2254 14
705 2199 873 2254 Corinthiam
893 2201 1033 2254 ecclesiam
1047 2217 1079 2256 a.
1099 2207 1131 2270 53
1149 2219 1166 2256 a
1182 2201 1267 2259 Paulo
1286 2205 1376 2260 condi·

150 2284 212 2334 tam
234 2281 289 2335 iam
308 2273 432 2352 ἀρχαίαν
449 2283 602 2353 appellet7).
637 2285 758 2340 Romana
776 2284 887 2338 ecclesia
906 2284 1010 2352 legatos
1031 2287 1107 2340 misit
1128 2280 1237 2359 ἄνδρας
1256 2283 1378 2353 πιστοὺς

150 2366 204 2418 καὶ
222 2364 397 2436 σώφρονας,
415 2357 474 2420 ἀπὸ
486 2363 624 2436 νεότητος
642 2360 881 2435 incorporatores
900 2362 955 2430 ἕως
972 2361 1079 2436 γὴρους
1091 2361 1249 2438 ἀμέμπτως
1265 2369 1298 2426 ἐν
1310 2361 1377 2440 ἡμῖν

151 2453 186 2516 (e.
198 2451 233 2502 63
246 2467 272 2518 p.
283 2452 325 2518 61,
339 2454 369 2504 18
383 2452 441 2520 sp).
469 2467 539 2506 auno
551 2468 612 2506 vero
625 2455 657 2508 68
668 2453 740 2506 inter
751 2452 920 2507 Christianos
932 2452 1066 2507 Romanos
1084 2469 1160 2507 nemo
1176 2454 1239 2509 inde
1255 2454 1376 2510 aiuven-

149 2537 214 2588 tute
241 2549 327 2602 usque
351 2533 387 2588 ad
408 2537 573 2589 senectutem
595 2538 767 2590 conversatus
789 2538 838 2590 est.
873 2535 920 2588 alii
942 2526 1088 2591 Clementis
1108 2537 1208 2592 dictam
1223 2539 1375 2612 epistulam

151 2617 272 2672 secundo
285 2619 391 2672 demum
403 2620 509 2674 saeculo
520 2619 656 2674 vindicare
667 2621 817 2675 voluerunt
845 2619 1007 2688 Schuegleri
1014 2622 1035 2689 ⁸)
1046 2623 1163 2696 vestigia
1175 2625 1282 2678 secutus
1294 2624 1375 2678 Volk-

150 2703 274 2769 marusi)
294 2719 347 2758 non
368 2704 536 2768 Domitiano,
559 2703 606 2758 sed
627 2703 746 2758 Adriano
767 2703 916 2773 imperante
937 2706 1007 2759 hane
1033 2707 1178 2776 epistularu
1196 2707 1375 2776 conscriptam

151 2801 213 2840 esse
231 2788 385 2840 constanter
402 2789 572 2842 asseveravit.
607 2803 687 2857 quam
706 2789 865 2843 sententiam
885 2805 901 2842 a
917 2806 960 2844 me
974 2791 1067 2845 stetim
1078 2791 1264 2861 impugnatam
1273 2795 1307 2862 ¹⁰)
1322 2795 1376 2862 ipsi

185 3157 191 3168 ι
227 3089 254 3156 1)
273 3089 339 3144 Ado.
362 3090 489 3144 Hamaolr
511 3091 641 3161 (prolegg.
664 3109 690 3170 p.
708 3092 858 3159 LXXXIX)
883 3096 910 3147 ct
931 3093 989 3162 ipse
1009 3110 1058 3174 pro
1076 3097 1149 3149 certo
1175 3095 1310 3151 affirmare
1329 3114 1376 3151 no·
1453 3137 1455 3140 -

151 3157 216 3220 run,
236 3156 400 3211 Clementem
421 3158 606 3238 presbyterum
628 3161 773 3229 epistulam
794 3161 941 3241 Romanam
963 3177 1115 3242 stupemus,
1137 3165 1260 3283 {erumnis
1282 3181 1375 3220 enma
1438 3253 1445 3262 ι

153 3225 265 3277 consule
283 3224 421 3279 Clemente
438 3225 640 3280 d1seernandum
663 3244 715 3280 ncn
738 3243 795 3281 esse
813 3227 926 3281 dubitet.
961 3228 1120 3283 Philothcus
1161 3248 1287 3300 nyenmus
1305 3235 1374 3300 (σελ.

152 3287 262 3413 ξλζᾱκὲ
279 3287 365 3414 eff).
401 3293 565 3348 Clementem
582 3295 656 3348 Rom.
675 3295 829 3364 episcopum
846 3294 926 3350 huius
948 3297 1079 3364 epistulae
1097 3301 1232 3352 auctorem
1251 3301 1374 3352 constan·

166 3375 197 3412 en
233 3375 293 3413 ean
337 3404 343 3417 .

224 3444 251 3510 2)
270 3459 381 3511 quornm
400 3445 501 3513 scripta
519 3445 628 3500 laudavi
646 3445 769 3514 (apostol.
787 3446 871 3500 Vater
887 3463 913 3514 p.
934 3451 965 3502 84
984 3434 1038 3502 not.
1059 3450 1109 3515 14).

223 3528 250 3594 8)
268 3527 428 3595 Disquisitio
451 3529 545 3583 critica
567 3532 594 3584 et
616 3530 745 3583 historica
766 3529 799 3583 de
818 3530 964 3594 Clementis
981 3531 1095 3586 Romani
1116 3533 1204 3601 priore
1228 3532 1263 3588 ad
1281 3534 1373 3588 (lorin-

153 3592 226 3648 thios
245 3594 367 3663 epistola,
385 3595 503 3651 Traiecti
520 3595 555 3650 ad
572 3597 655 3653 Rhcn.
676 3601 749 3651 1854.
766 3615 791 3667 p.
811 3601 842 3651 93
862 3613 900 3666 sq.

158 3678 472 3814 ¹8554)pr3((5}lementis
494 3681 609 3735 Romani
628 3681 744 3750 epistola
765 3680 800 3735 ad
820 3681 973 3738 Corinthios
994 3683 1082 3753 priore
1103 3682 1265 3752 disqutsitio.
1299 3686 1373 3754 Lips.

222 3785 228 3798 .
267 3787 273 3799 .
360 3763 399 3815 sq.
1013 3779 1019 3788 ·

221 3829 249 3895 5)
266 3829 321 3884 The
338 3831 497 3900 apostolical
514 3831 624 3900 fathers,
642 3832 752 3888 Londcn
772 3836 843 3888 1814.
861 3850 887 3902 p.
907 3837 955 3888 130
973 3850 1012 3903 sq.

221 3915 249 3981 6)
267 3914 320 3968 Zur
336 3914 511 3984 Petrusfrage
529 3916 695 3999 (ZeitpchriIt
712 3917 729 3970 f.
749 3917 820 3972 wiss.
838 3918 981 3986 Theologie
1003 3923 1074 3976 1876.
1092 3920 1114 3974 I.
1132 3937 1159 3989 p.
1177 3923 1229 3989 46).

221 3999 248 4066 1)
266 4000 403 4067 praeterea
421 3998 454 4052 ci.
473 4015 541 4068 quae
558 3999 609 4053 hac
622 4000 655 4055 de
665 4017 694 4055 re
707 4002 799 4055 monui
817 4003 846 4055 in
860 4002 928 4057 libro
940 4020 1011 4058 meo:
1029 4004 1141 4073 apostol.
1154 4005 1238 4059 Viter
1249 4021 1276 4074 p.
1289 4008 1320 4060 83
1332 4023 1372 4076 sq.

154 4067 181 4119 et
197 4065 226 4119 in
244 4064 324 4118 huius
341 4065 467 4120 editionis
485 4067 704 4123 adnotationibus
722 4085 746 4138 p.
766 4073 798 4124 88
817 4085 855 4138 sq.

221 4150 247 4217 8)
265 4147 457 4218 Nachapostol.
476 4150 613 4216 Zeitelter,
631 4151 745 4221 Tubing.
767 4157 839 4208 1846.
857 4154 917 4208 Vol.
934 4154 971 4208 Π.
989 4173 1015 4225 p.
1036 4160 1083 4212 125
1102 4173 1141 4226 sq.

220 4235 249 4302 9)
267 4232 354 4288 Ueber
371 4234 495 4288 Clemens
512 4252 564 4290 von
580 4237 649 4291 Rom
667 4237 722 4291 und
740 4236 782 4291 die
800 4237 911 4292 ntchste
922 4239 1068 4308 Folgezeit,
1086 4243 1137 4297 mit
1153 4242 1312 4297 besonderer
1322 4243 1373 4298 Be-

153 4302 248 4356 ziehnn
294 4301 343 4355 auf
367 4301 418 4356 den
437 4302 589 4372 Philippen-
610 4304 665 4358 und
685 4305 905 4369 Barnabasbrief,
928 4323 957 4360 so
977 4309 1027 4362 uie
1045 4310 1094 4362 aui
1108 4309 1157 4364 das
1174 4311 1250 4364 Buch
1268 4312 1371 4374 Iudith,

152 4369 232 4425 theol.
250 4318 352 4448 Iahrb.
368 4373 441 4423 1856.
460 4387 486 4438 p.
505 4375 648 4426 281-369.
683 4373 734 4426 Die
752 4373 877 4440 Religion
894 4373 959 4428 Jesu
980 4375 1036 4428 und
1057 4375 1116 4431 ihre
1135 4380 1205 4432 erute
1221 4379 1372 4433 Entwicke·

152 4438 218 4505 lung
236 4439 287 4490 etc.
321 4437 394 4504 L1ps.
414 4441 487 4491 1851.
505 4455 532 4506 p.
551 4442 596 4495 891
618 4455 656 4507 sq.
691 4440 745 4495 Der
762 4441 904 4509 Ursprung
926 4457 1035 4496 unserer
1052 4443 1217 4513 Euangeliou
1233 4446 1303 4500 nach
1322 4445 1372 4500 den

153 4503 308 4567 Urlruniien,
327 4504 386 4558 laut
403 4503 454 4558 den
471 4521 572 4560 nenern
588 4506 807 4576 Entdeckungen,
825 4506 916 4563 Turici
935 4513 1007 4564 1866.
1025 4527 1052 4579 p.
1070 4515 1110 4565 64.

221 4589 263 4655 16)
281 4587 430 4642 Vollmar’s
448 4589 664 4672 chronologisclne
676 4590 887 4674 Entdeolrungen
903 4593 970 4647 iiber
987 4591 1029 4647 die
1040 4595 1145 4666 Apcial
1182 4613 1228 4651 sen
1246 4595 1292 4650 des
1303 4596 1372 4651 llsra

153 4654 1064 4797 5151111611661.ἓὲ.151661116111111
1089 4662 1144 4716 ΠΜ
1179 4681 1208 4719 ⁰⁵
1225 4663 1371 4728 m*
