<?xml version="1.0" encoding="UTF-8"?>
<!DOCTYPE html PUBLIC "-//W3C//DTD XHTML 1.0 Transitional//EN"
    "http://www.w3.org/TR/xhtml1/DTD/xhtml1-transitional.dtd">
<html xmlns="http://www.w3.org/1999/xhtml" xml:lang="en" lang="en">
 <head>
  <title>
</title>
<meta http-equiv="Content-Type" content="text/html;charset=utf-8" />
  <meta name='ocr-system' content='tesseract 3.04.00' />
  <meta name='ocr-capabilities' content='ocr_page ocr_carea ocr_par ocr_line ocrx_word'/>
</head>
<body>
  <div class='ocr_page' id='page_1' title='image "./clementisromani00hilggoog_0014.png"; bbox 0 0 3402 5118; ppageno 0'>
   <div class='ocr_carea' id='block_1_1' title="bbox 464 261 1325 341">
    <p class='ocr_par' dir='ltr' id='par_1_1' title="bbox 464 261 1325 341">
     <span class='ocr_line' id='line_1_1' title="bbox 464 261 1325 341; baseline -0.001 -3"><span class='ocrx_word' id='word_1_1' title='bbox 464 290 583 338; x_wconf 80' lang='lat' dir='ltr'><strong>exras</strong></span> <span class='ocrx_word' id='word_1_2' title='bbox 604 261 767 340; x_wconf 74' lang='lat' dir='ltr'><strong>canoram</strong></span> <span class='ocrx_word' id='word_1_3' title='bbox 787 290 980 341; x_wconf 82' lang='lat' dir='ltr'><strong>sacarnun.</strong></span> <span class='ocrx_word' id='word_1_4' title='bbox 1284 290 1325 337; x_wconf 85' lang='lat' dir='ltr'><strong>1x</strong></span> 
     </span>
    </p>
   </div>
   <div class='ocr_carea' id='block_1_2' title="bbox 109 457 1449 560">
    <p class='ocr_par' dir='ltr' id='par_1_2' title="bbox 109 457 1449 560">
     <span class='ocr_line' id='line_1_2' title="bbox 109 457 1449 560; baseline -0.001 -23"><span class='ocrx_word' id='word_1_5' title='bbox 109 457 364 559; x_wconf 85' lang='lat' dir='ltr'><strong>repraesentent.</strong></span> <span class='ocrx_word' id='word_1_6' title='bbox 400 479 516 559; x_wconf 89' lang='lat' dir='ltr'><strong>quarto</strong></span> <span class='ocrx_word' id='word_1_7' title='bbox 530 471 686 538; x_wconf 90' lang='lat' dir='ltr'><strong>fasciculo</strong></span> <span class='ocrx_word' id='word_1_8' title='bbox 701 470 945 560; x_wconf 84' lang='lat' dir='ltr'><strong>deperditarum</strong></span> <span class='ocrx_word' id='word_1_9' title='bbox 966 469 1124 537; x_wconf 89' lang='lat' dir='ltr'><strong>librorum</strong></span> <span class='ocrx_word' id='word_1_10' title='bbox 1138 470 1324 558; x_wconf 89' lang='lat' dir='ltr'><strong>fragmenta</strong></span> <span class='ocrx_word' id='word_1_11' title='bbox 1446 494 1449 502; x_wconf 69' lang='grc'><em>“</em></span> 
     </span>
    </p>
   </div>
   <div class='ocr_carea' id='block_1_3' title="bbox 109 587 1399 2075">
    <p class='ocr_par' dir='ltr' id='par_1_3' title="bbox 109 587 1362 1374">
     <span class='ocr_line' id='line_1_3' title="bbox 111 587 1327 675; baseline -0.002 -21"><span class='ocrx_word' id='word_1_12' title='bbox 111 587 267 654; x_wconf 87' lang='lat' dir='ltr'><strong>addenda</strong></span> <span class='ocrx_word' id='word_1_13' title='bbox 289 596 376 655; x_wconf 86' lang='lat' dir='ltr'><strong>sunt:</strong></span> <span class='ocrx_word' id='word_1_14' title='bbox 397 588 437 655; x_wconf 78' lang='grc' dir='ltr'>Α</span> <span class='ocrx_word' id='word_1_15' title='bbox 461 589 704 675; x_wconf 84' lang='lat' dir='ltr'><strong>evangeliorum</strong></span> <span class='ocrx_word' id='word_1_16' title='bbox 728 593 757 666; x_wconf 90' lang='lat'><strong>1)</strong></span> <span class='ocrx_word' id='word_1_17' title='bbox 780 588 957 654; x_wconf 91' lang='lat' dir='ltr'><strong>secundum</strong></span> <span class='ocrx_word' id='word_1_18' title='bbox 978 587 1149 654; x_wconf 91' lang='lat' dir='ltr'><strong>Hebraeos</strong></span> <span class='ocrx_word' id='word_1_19' title='bbox 1172 591 1203 666; x_wconf 91' lang='lat' dir='ltr'><strong>a)</strong></span> <span class='ocrx_word' id='word_1_20' title='bbox 1221 587 1327 652; x_wconf 85' lang='lat' dir='ltr'><strong>Nana-</strong></span> 
     </span>
     <span class='ocr_line' id='line_1_4' title="bbox 111 704 1327 787; baseline -0.001 -18"><span class='ocrx_word' id='word_1_21' title='bbox 111 727 281 787; x_wconf 88' lang='lat' dir='ltr'><strong>raeorum,</strong></span> <span class='ocrx_word' id='word_1_22' title='bbox 316 704 351 784; x_wconf 86' lang='lat' dir='ltr'><strong>b)</strong></span> <span class='ocrx_word' id='word_1_23' title='bbox 376 704 632 787; x_wconf 85' lang='lat' dir='ltr'><strong>Ebionaeorum,</strong></span> <span class='ocrx_word' id='word_1_24' title='bbox 659 711 691 782; x_wconf 82' lang='lat'><strong>2)</strong></span> <span class='ocrx_word' id='word_1_25' title='bbox 714 704 889 771; x_wconf 79' lang='lat' dir='ltr'><strong>secrmdum</strong></span> <span class='ocrx_word' id='word_1_26' title='bbox 911 704 1061 787; x_wconf 88' lang='lat' dir='ltr'><strong>Petrum,</strong></span> <span class='ocrx_word' id='word_1_27' title='bbox 1090 709 1120 783; x_wconf 87' lang='lat'><strong>3)</strong></span> <span class='ocrx_word' id='word_1_28' title='bbox 1150 704 1327 770; x_wconf 89' lang='lat' dir='ltr'><strong>secundum</strong></span> 
     </span>
     <span class='ocr_line' id='line_1_5' title="bbox 110 819 1362 917; baseline 0 -32"><span class='ocrx_word' id='word_1_29' title='bbox 110 820 308 917; x_wconf 83' lang='lat' dir='ltr'><strong>Aegyptios,</strong></span> <span class='ocrx_word' id='word_1_30' title='bbox 342 822 376 902; x_wconf 87' lang='grc'><strong>4)</strong></span> <span class='ocrx_word' id='word_1_31' title='bbox 410 820 584 887; x_wconf 89' lang='lat' dir='ltr'><strong>secundum</strong></span> <span class='ocrx_word' id='word_1_32' title='bbox 619 820 793 886; x_wconf 87' lang='lat' dir='ltr'><strong>Matthiam</strong></span> <span class='ocrx_word' id='word_1_33' title='bbox 823 820 991 898; x_wconf 79' lang='lat' dir='ltr'><strong>(Matthiae</strong></span> <span class='ocrx_word' id='word_1_34' title='bbox 1026 819 1244 911; x_wconf 71' lang='lat' dir='ltr'><strong>traditiones).</strong></span> <span class='ocrx_word' id='word_1_35' title='bbox 1288 821 1327 885; x_wconf 93' lang='grc' dir='ltr'><strong>Β.</strong></span> <span class='ocrx_word' id='word_1_36' title='bbox 1359 911 1362 915; x_wconf 82' lang='lat'><strong>.</strong></span> 
     </span>
     <span class='ocr_line' id='line_1_6' title="bbox 109 931 1328 1025; baseline -0.001 -24"><span class='ocrx_word' id='word_1_37' title='bbox 109 938 256 1002; x_wconf 89' lang='lat' dir='ltr'><strong>Actuum</strong></span> <span class='ocrx_word' id='word_1_38' title='bbox 278 935 499 1024; x_wconf 86' lang='lat' dir='ltr'><strong>apostolorum</strong></span> <span class='ocrx_word' id='word_1_39' title='bbox 521 944 552 1016; x_wconf 85' lang='lat'><strong>5)</strong></span> <span class='ocrx_word' id='word_1_40' title='bbox 575 937 665 1002; x_wconf 89' lang='lat' dir='ltr'><strong>Petri</strong></span> <span class='ocrx_word' id='word_1_41' title='bbox 687 946 719 1003; x_wconf 95' lang='lat' dir='ltr'><strong>et</strong></span> <span class='ocrx_word' id='word_1_42' title='bbox 736 937 832 1003; x_wconf 90' lang='lat' dir='ltr'><strong>Pauli</strong></span> <span class='ocrx_word' id='word_1_43' title='bbox 853 931 1119 1025; x_wconf 87' lang='lat' dir='ltr'><strong>praedicationis,</strong></span> <span class='ocrx_word' id='word_1_44' title='bbox 1143 941 1174 1016; x_wconf 93' lang='grc'><strong>6)</strong></span> <span class='ocrx_word' id='word_1_45' title='bbox 1189 936 1279 1001; x_wconf 90' lang='lat' dir='ltr'><strong>Petri</strong></span> <span class='ocrx_word' id='word_1_46' title='bbox 1297 945 1328 1001; x_wconf 93' lang='lat' dir='ltr'><strong>et</strong></span> 
     </span>
     <span class='ocr_line' id='line_1_7' title="bbox 110 1052 1327 1142; baseline 0 -24"><span class='ocrx_word' id='word_1_47' title='bbox 110 1053 208 1120; x_wconf 86' lang='lat' dir='ltr'><strong>Pauli</strong></span> <span class='ocrx_word' id='word_1_48' title='bbox 230 1063 368 1120; x_wconf 82' lang='lat' dir='ltr'><strong>actuum.</strong></span> <span class='ocrx_word' id='word_1_49' title='bbox 407 1052 443 1119; x_wconf 80' lang='lat' dir='ltr'><strong>O.</strong></span> <span class='ocrx_word' id='word_1_50' title='bbox 464 1052 713 1142; x_wconf 86' lang='lat' dir='ltr'><strong>Apocalypseos</strong></span> <span class='ocrx_word' id='word_1_51' title='bbox 736 1056 851 1120; x_wconf 89' lang='lat' dir='ltr'><strong>unicae</strong></span> <span class='ocrx_word' id='word_1_52' title='bbox 872 1060 903 1132; x_wconf 95' lang='grc'><strong>7)</strong></span> <span class='ocrx_word' id='word_1_53' title='bbox 925 1053 1029 1131; x_wconf 82' lang='lat' dir='ltr'><strong>Petri3</strong></span> <span class='ocrx_word' id='word_1_54' title='bbox 1051 1053 1189 1141; x_wconf 87' lang='lat' dir='ltr'><strong>denique</strong></span> <span class='ocrx_word' id='word_1_55' title='bbox 1204 1053 1245 1118; x_wconf 91' lang='lat' dir='ltr'><strong>D.</strong></span> <span class='ocrx_word' id='word_1_56' title='bbox 1259 1054 1327 1118; x_wconf 91' lang='lat' dir='ltr'><strong>Do·</strong></span> 
     </span>
     <span class='ocr_line' id='line_1_8' title="bbox 112 1169 1328 1257; baseline 0 -23"><span class='ocrx_word' id='word_1_57' title='bbox 112 1172 237 1235; x_wconf 88' lang='lat' dir='ltr'><strong>ctrinae</strong></span> <span class='ocrx_word' id='word_1_58' title='bbox 264 1171 483 1257; x_wconf 90' lang='lat' dir='ltr'><strong>apostolorum</strong></span> <span class='ocrx_word' id='word_1_59' title='bbox 510 1171 580 1236; x_wconf 89' lang='lat' dir='ltr'><strong>sive</strong></span> <span class='ocrx_word' id='word_1_60' title='bbox 610 1176 641 1252; x_wconf 83' lang='lat'><strong>8)</strong></span> <span class='ocrx_word' id='word_1_61' title='bbox 666 1171 938 1237; x_wconf 79' lang='lat' dir='ltr'><strong>Constitutionum</strong></span> <span class='ocrx_word' id='word_1_62' title='bbox 966 1169 1218 1257; x_wconf 86' lang='lat' dir='ltr'><strong>apostolicarum</strong></span> <span class='ocrx_word' id='word_1_63' title='bbox 1248 1171 1328 1235; x_wconf 90' lang='lat' dir='ltr'><strong>anti·</strong></span> 
     </span>
     <span class='ocr_line' id='line_1_9' title="bbox 112 1286 910 1374; baseline 0.003 -23"><span class='ocrx_word' id='word_1_64' title='bbox 112 1288 274 1372; x_wconf 91' lang='lat' dir='ltr'><strong>quiorum,</strong></span> <span class='ocrx_word' id='word_1_65' title='bbox 297 1286 413 1374; x_wconf 89' lang='lat' dir='ltr'><strong>quibus</strong></span> <span class='ocrx_word' id='word_1_66' title='bbox 436 1286 555 1353; x_wconf 89' lang='lat' dir='ltr'><strong>addam</strong></span> <span class='ocrx_word' id='word_1_67' title='bbox 580 1291 611 1367; x_wconf 80' lang='grc'><strong>9)</strong></span> <span class='ocrx_word' id='word_1_68' title='bbox 632 1287 723 1353; x_wconf 90' lang='lat' dir='ltr'><strong>Petri</strong></span> <span class='ocrx_word' id='word_1_69' title='bbox 743 1287 910 1353; x_wconf 90' lang='lat' dir='ltr'><strong>iudicium.</strong></span> 
     </span>
    </p>

    <p class='ocr_par' dir='ltr' id='par_1_4' title="bbox 111 1402 1399 2075">
     <span class='ocr_line' id='line_1_10' title="bbox 195 1402 1326 1490; baseline -0.002 -22"><span class='ocrx_word' id='word_1_70' title='bbox 195 1402 346 1488; x_wconf 85' lang='lat' dir='ltr'><strong>Integros</strong></span> <span class='ocrx_word' id='word_1_71' title='bbox 367 1403 469 1469; x_wconf 90' lang='lat' dir='ltr'><strong>libros</strong></span> <span class='ocrx_word' id='word_1_72' title='bbox 490 1405 556 1469; x_wconf 84' lang='lat' dir='ltr'><strong>iam</strong></span> <span class='ocrx_word' id='word_1_73' title='bbox 578 1404 682 1471; x_wconf 89' lang='lat' dir='ltr'><strong>editos</strong></span> <span class='ocrx_word' id='word_1_74' title='bbox 703 1403 780 1469; x_wconf 90' lang='lat' dir='ltr'><strong>licet</strong></span> <span class='ocrx_word' id='word_1_75' title='bbox 800 1404 880 1470; x_wconf 91' lang='lat' dir='ltr'><strong>mihi</strong></span> <span class='ocrx_word' id='word_1_76' title='bbox 902 1405 1001 1469; x_wconf 89' lang='lat' dir='ltr'><strong>etiam</strong></span> <span class='ocrx_word' id='word_1_77' title='bbox 1015 1404 1121 1490; x_wconf 84' lang='lat' dir='ltr'><strong>magis</strong></span> <span class='ocrx_word' id='word_1_78' title='bbox 1143 1402 1326 1469; x_wconf 87' lang='lat' dir='ltr'><strong>emendare.</strong></span> 
     </span>
     <span class='ocr_line' id='line_1_11' title="bbox 111 1518 1329 1607; baseline 0 -23"><span class='ocrx_word' id='word_1_79' title='bbox 111 1523 146 1584; x_wconf 87' lang='lat' dir='ltr'><strong>in</strong></span> <span class='ocrx_word' id='word_1_80' title='bbox 166 1519 341 1584; x_wconf 74' lang='lat' dir='ltr'><em>Barnabae</em></span> <span class='ocrx_word' id='word_1_81' title='bbox 361 1518 512 1605; x_wconf 61' lang='lat' dir='ltr'><strong>spatula,</strong></span> <span class='ocrx_word' id='word_1_82' title='bbox 545 1519 804 1607; x_wconf 78' lang='lat' dir='ltr'><strong>quamprimum</strong></span> <span class='ocrx_word' id='word_1_83' title='bbox 829 1521 936 1603; x_wconf 89' lang='lat' dir='ltr'><strong>emisi,</strong></span> <span class='ocrx_word' id='word_1_84' title='bbox 968 1529 1057 1585; x_wconf 90' lang='lat' dir='ltr'><strong>recte</strong></span> <span class='ocrx_word' id='word_1_85' title='bbox 1083 1518 1214 1604; x_wconf 89' lang='lat' dir='ltr'><strong>quidem</strong></span> <span class='ocrx_word' id='word_1_86' title='bbox 1242 1519 1329 1584; x_wconf 90' lang='lat' dir='ltr'><strong>illius</strong></span> 
     </span>
     <span class='ocr_line' id='line_1_12' title="bbox 112 1609 1399 1724; baseline -0.002 -22"><span class='ocrx_word' id='word_1_87' title='bbox 112 1637 225 1722; x_wconf 90' lang='lat' dir='ltr'><strong>graeci</strong></span> <span class='ocrx_word' id='word_1_88' title='bbox 246 1645 365 1719; x_wconf 84' lang='lat' dir='ltr'><strong>textus,</strong></span> <span class='ocrx_word' id='word_1_89' title='bbox 386 1658 481 1722; x_wconf 92' lang='lat' dir='ltr'><strong>quem</strong></span> <span class='ocrx_word' id='word_1_90' title='bbox 501 1636 802 1724; x_wconf 22' lang='lat' dir='ltr'><strong>latinus-interpres</strong></span> <span class='ocrx_word' id='word_1_91' title='bbox 824 1638 935 1720; x_wconf 89' lang='lat' dir='ltr'><strong>vertit,</strong></span> <span class='ocrx_word' id='word_1_92' title='bbox 961 1636 1197 1723; x_wconf 82' lang='lat' dir='ltr'><strong>praestantiam</strong></span> <span class='ocrx_word' id='word_1_93' title='bbox 1219 1635 1327 1701; x_wconf 91' lang='lat' dir='ltr'><strong>defen·</strong></span> <span class='ocrx_word' id='word_1_94' title='bbox 1395 1609 1399 1618; x_wconf 66' lang='lat'><strong>.</strong></span> 
     </span>
     <span class='ocr_line' id='line_1_13' title="bbox 113 1751 1328 1819; baseline -0.002 0"><span class='ocrx_word' id='word_1_95' title='bbox 113 1753 202 1819; x_wconf 89' lang='lat' dir='ltr'><strong>disse</strong></span> <span class='ocrx_word' id='word_1_96' title='bbox 222 1752 302 1816; x_wconf 93' lang='lat' dir='ltr'><strong>mihi</strong></span> <span class='ocrx_word' id='word_1_97' title='bbox 323 1752 445 1818; x_wconf 90' lang='lat' dir='ltr'><strong>videor.</strong></span> <span class='ocrx_word' id='word_1_98' title='bbox 479 1753 536 1819; x_wconf 91' lang='lat' dir='ltr'><strong>sed</strong></span> <span class='ocrx_word' id='word_1_99' title='bbox 562 1755 613 1818; x_wconf 90' lang='lat' dir='ltr'><strong>vir</strong></span> <span class='ocrx_word' id='word_1_100' title='bbox 642 1752 849 1819; x_wconf 88' lang='lat' dir='ltr'><strong>doctissimus</strong></span> <span class='ocrx_word' id='word_1_101' title='bbox 876 1753 994 1818; x_wconf 88' lang='lat' dir='ltr'><strong>Franc.</strong></span> <span class='ocrx_word' id='word_1_102' title='bbox 1018 1751 1243 1818; x_wconf 88' lang='lat' dir='ltr'><strong>Overbeokius</strong></span> <span class='ocrx_word' id='word_1_103' title='bbox 1265 1753 1328 1818; x_wconf 90' lang='lat' dir='ltr'><strong>for-</strong></span> 
     </span>
     <span class='ocr_line' id='line_1_14' title="bbox 114 1860 1330 1957; baseline -0.005 -21"><span class='ocrx_word' id='word_1_104' title='bbox 114 1881 202 1936; x_wconf 91' lang='lat' dir='ltr'><strong>tasse</strong></span> <span class='ocrx_word' id='word_1_105' title='bbox 223 1880 311 1935; x_wconf 86' lang='lat' dir='ltr'><strong>recte</strong></span> <span class='ocrx_word' id='word_1_106' title='bbox 335 1870 468 1953; x_wconf 92' lang='lat' dir='ltr'><strong>monuit,</strong></span> <span class='ocrx_word' id='word_1_107' title='bbox 490 1892 516 1936; x_wconf 93' lang='lat' dir='ltr'><strong>c.</strong></span> <span class='ocrx_word' id='word_1_108' title='bbox 539 1869 581 1935; x_wconf 91' lang='grc' dir='ltr'><strong>Π.</strong></span> <span class='ocrx_word' id='word_1_109' title='bbox 603 1892 633 1957; x_wconf 90' lang='lat' dir='ltr'><strong>p.</strong></span> <span class='ocrx_word' id='word_1_110' title='bbox 655 1875 719 1954; x_wconf 93' lang='grc'><strong>6,4</strong></span> <span class='ocrx_word' id='word_1_111' title='bbox 742 1870 932 1935; x_wconf 85' lang='lat' dir='ltr'><strong>Sinaiticam</strong></span> <span class='ocrx_word' id='word_1_112' title='bbox 952 1868 1122 1935; x_wconf 88' lang='lat' dir='ltr'><strong>lectionem</strong></span> <span class='ocrx_word' id='word_1_113' title='bbox 1135 1865 1181 1952; x_wconf 82' lang='grc' dir='ltr'><strong>μὴ</strong></span> <span class='ocrx_word' id='word_1_114' title='bbox 1202 1860 1330 1950; x_wconf 83' lang='grc' dir='ltr'>ὁμοίως</span> 
     </span>
     <span class='ocr_line' id='line_1_15' title="bbox 113 1980 1328 2075; baseline -0.002 -23"><span class='ocrx_word' id='word_1_115' title='bbox 113 1985 364 2075; x_wconf 79' lang='lat' dir='ltr'><strong>praeferendam</strong></span> <span class='ocrx_word' id='word_1_116' title='bbox 379 2007 461 2051; x_wconf 91' lang='lat' dir='ltr'><strong>esse.</strong></span> <span class='ocrx_word' id='word_1_117' title='bbox 498 1985 618 2052; x_wconf 89' lang='lat' dir='ltr'><strong>latinus</strong></span> <span class='ocrx_word' id='word_1_118' title='bbox 633 1987 791 2073; x_wconf 84' lang='lat' dir='ltr'><strong>interpres</strong></span> <span class='ocrx_word' id='word_1_119' title='bbox 812 1988 910 2050; x_wconf 91' lang='lat' dir='ltr'><strong>etiam</strong></span> <span class='ocrx_word' id='word_1_120' title='bbox 932 2008 964 2072; x_wconf 91' lang='lat' dir='ltr'><strong>p.</strong></span> <span class='ocrx_word' id='word_1_121' title='bbox 981 1993 1010 2068; x_wconf 83' lang='grc'><strong>4,</strong></span> <span class='ocrx_word' id='word_1_122' title='bbox 1028 1990 1068 2051; x_wconf 95' lang='grc'><strong>27</strong></span> <span class='ocrx_word' id='word_1_123' title='bbox 1083 2007 1153 2051; x_wconf 91' lang='lat' dir='ltr'><strong>voc.</strong></span> <span class='ocrx_word' id='word_1_124' title='bbox 1174 1980 1219 2070; x_wconf 83' lang='grc' dir='ltr'><strong>μὴ</strong></span> <span class='ocrx_word' id='word_1_125' title='bbox 1236 2006 1328 2072; x_wconf 92' lang='lat' dir='ltr'><strong>prae·</strong></span> 
     </span>
    </p>
   </div>
   <div class='ocr_carea' id='block_1_4' title="bbox 30 2098 1330 2191">
    <p class='ocr_par' dir='ltr' id='par_1_5' title="bbox 30 2098 1330 2191">
     <span class='ocr_line' id='line_1_16' title="bbox 30 2098 1330 2191; baseline -0.003 -23"><span class='ocrx_word' id='word_1_126' title='bbox 30 2103 33 2109; x_wconf 84' lang='grc'><strong>’</strong></span> <span class='ocrx_word' id='word_1_127' title='bbox 113 2103 261 2169; x_wconf 86' lang='lat' dir='ltr'><strong>termisit.</strong></span> <span class='ocrx_word' id='word_1_128' title='bbox 283 2125 301 2168; x_wconf 87' lang='lat' dir='ltr'><strong>e</strong></span> <span class='ocrx_word' id='word_1_129' title='bbox 323 2103 485 2169; x_wconf 77' lang='lat' dir='ltr'><strong>connario</strong></span> <span class='ocrx_word' id='word_1_130' title='bbox 508 2124 536 2168; x_wconf 90' lang='lat' dir='ltr'><strong>c.</strong></span> <span class='ocrx_word' id='word_1_131' title='bbox 558 2102 669 2191; x_wconf 86' lang='lat' dir='ltr'><strong>111.p.</strong></span> <span class='ocrx_word' id='word_1_132' title='bbox 692 2109 721 2186; x_wconf 87' lang='lat'><strong>8,</strong></span> <span class='ocrx_word' id='word_1_133' title='bbox 744 2111 764 2170; x_wconf 78' lang='lat'><strong>4</strong></span> <span class='ocrx_word' id='word_1_134' title='bbox 785 2103 943 2168; x_wconf 84' lang='lat' dir='ltr'><strong>Sinaitica</strong></span> <span class='ocrx_word' id='word_1_135' title='bbox 963 2101 1058 2167; x_wconf 92' lang='lat' dir='ltr'><strong>lectio</strong></span> <span class='ocrx_word' id='word_1_136' title='bbox 1086 2098 1208 2187; x_wconf 77' lang='grc' dir='ltr'><em>ἵναμὴ</em></span> <span class='ocrx_word' id='word_1_137' title='bbox 1230 2119 1330 2184; x_wconf 79' lang='grc' dir='ltr'><strong><em>προσ-</em></strong></span> 
     </span>
    </p>
   </div>
   <div class='ocr_carea' id='block_1_5' title="bbox 113 2211 1355 2891">
    <p class='ocr_par' dir='ltr' id='par_1_6' title="bbox 113 2211 1355 2891">
     <span class='ocr_line' id='line_1_17' title="bbox 113 2211 1330 2306; baseline -0.001 -23"><span class='ocrx_word' id='word_1_138' title='bbox 113 2213 318 2306; x_wconf 61' lang='lat' dir='ltr'><strong>recordanda</strong></span> <span class='ocrx_word' id='word_1_139' title='bbox 345 2211 570 2306; x_wconf 65' lang='lat' dir='ltr'><strong>adcendimus</strong></span> <span class='ocrx_word' id='word_1_140' title='bbox 597 2216 786 2302; x_wconf 76' lang='lat' dir='ltr'><strong>(satiarer),</strong></span> <span class='ocrx_word' id='word_1_141' title='bbox 813 2217 944 2284; x_wconf 89' lang='lat' dir='ltr'><strong>defendi</strong></span> <span class='ocrx_word' id='word_1_142' title='bbox 968 2220 1028 2284; x_wconf 87' lang='lat' dir='ltr'><strong>vix</strong></span> <span class='ocrx_word' id='word_1_143' title='bbox 1051 2228 1171 2306; x_wconf 87' lang='lat' dir='ltr'><strong>potest,</strong></span> <span class='ocrx_word' id='word_1_144' title='bbox 1208 2217 1330 2305; x_wconf 91' lang='lat' dir='ltr'><strong>quippe</strong></span> 
     </span>
     <span class='ocr_line' id='line_1_18' title="bbox 114 2333 1330 2424; baseline -0.003 -22"><span class='ocrx_word' id='word_1_145' title='bbox 114 2359 197 2423; x_wconf 87' lang='lat' dir='ltr'><strong>quae</strong></span> <span class='ocrx_word' id='word_1_146' title='bbox 220 2358 318 2402; x_wconf 90' lang='lat' dir='ltr'><strong>sensu</strong></span> <span class='ocrx_word' id='word_1_147' title='bbox 339 2345 416 2424; x_wconf 89' lang='lat' dir='ltr'><strong>apto</strong></span> <span class='ocrx_word' id='word_1_148' title='bbox 441 2345 558 2402; x_wconf 85' lang='lat' dir='ltr'><strong>careat.</strong></span> <span class='ocrx_word' id='word_1_149' title='bbox 595 2347 735 2402; x_wconf 89' lang='lat' dir='ltr'><strong>ceterum</strong></span> <span class='ocrx_word' id='word_1_150' title='bbox 759 2358 785 2401; x_wconf 88' lang='lat' dir='ltr'><strong>c.</strong></span> <span class='ocrx_word' id='word_1_151' title='bbox 799 2335 847 2399; x_wconf 86' lang='lat' dir='ltr'><strong>.V.</strong></span> <span class='ocrx_word' id='word_1_152' title='bbox 870 2358 901 2422; x_wconf 91' lang='lat' dir='ltr'><strong>p.</strong></span> <span class='ocrx_word' id='word_1_153' title='bbox 926 2340 974 2418; x_wconf 87' lang='lat'><strong>14,</strong></span> <span class='ocrx_word' id='word_1_154' title='bbox 995 2340 1036 2402; x_wconf 85' lang='grc'><strong>24</strong></span> <span class='ocrx_word' id='word_1_155' title='bbox 1057 2336 1092 2399; x_wconf 91' lang='lat' dir='ltr'><strong>in</strong></span> <span class='ocrx_word' id='word_1_156' title='bbox 1113 2335 1197 2400; x_wconf 90' lang='lat' dir='ltr'><strong>notis</strong></span> <span class='ocrx_word' id='word_1_157' title='bbox 1219 2333 1330 2420; x_wconf 84' lang='lat' dir='ltr'><strong>legen-</strong></span> 
     </span>
     <span class='ocr_line' id='line_1_19' title="bbox 115 2447 1330 2536; baseline -0.003 -16"><span class='ocrx_word' id='word_1_158' title='bbox 115 2454 191 2520; x_wconf 89' lang='lat' dir='ltr'><strong>dum</strong></span> <span class='ocrx_word' id='word_1_159' title='bbox 215 2462 278 2524; x_wconf 81' lang='lat' dir='ltr'><strong>est:</strong></span> <span class='ocrx_word' id='word_1_160' title='bbox 300 2447 381 2536; x_wconf 75' lang='grc' dir='ltr'><strong>,τὰς</strong></span> <span class='ocrx_word' id='word_1_161' title='bbox 402 2447 439 2517; x_wconf 76' lang='lat' dir='ltr'><strong>dd</strong></span> <span class='ocrx_word' id='word_1_162' title='bbox 460 2451 493 2518; x_wconf 85' lang='lat' dir='ltr'><strong>S.</strong></span> <span class='ocrx_word' id='word_1_163' title='bbox 517 2462 549 2518; x_wconf 92' lang='lat' dir='ltr'><strong>et</strong></span> <span class='ocrx_word' id='word_1_164' title='bbox 569 2451 725 2519; x_wconf 84' lang='lat' dir='ltr'><strong>Volkm.“</strong></span> <span class='ocrx_word' id='word_1_165' title='bbox 744 2451 924 2518; x_wconf 82' lang='lat' dir='ltr'><strong>rectissime</strong></span> <span class='ocrx_word' id='word_1_166' title='bbox 939 2450 1164 2518; x_wconf 84' lang='lat' dir='ltr'><strong>Overbeckius</strong></span> <span class='ocrx_word' id='word_1_167' title='bbox 1189 2473 1330 2517; x_wconf 90' lang='lat' dir='ltr'><strong>errorem</strong></span> 
     </span>
     <span class='ocr_line' id='line_1_20' title="bbox 115 2560 1330 2657; baseline -0.001 -22"><span class='ocrx_word' id='word_1_168' title='bbox 115 2571 267 2652; x_wconf 85' lang='lat' dir='ltr'><strong>correxit,</strong></span> <span class='ocrx_word' id='word_1_169' title='bbox 290 2592 385 2657; x_wconf 91' lang='lat' dir='ltr'><strong>quem</strong></span> <span class='ocrx_word' id='word_1_170' title='bbox 408 2569 553 2634; x_wconf 90' lang='lat' dir='ltr'><strong>confiteri</strong></span> <span class='ocrx_word' id='word_1_171' title='bbox 575 2591 627 2634; x_wconf 92' lang='lat' dir='ltr'><strong>me</strong></span> <span class='ocrx_word' id='word_1_172' title='bbox 648 2592 713 2634; x_wconf 88' lang='lat' dir='ltr'><strong>non</strong></span> <span class='ocrx_word' id='word_1_173' title='bbox 734 2569 887 2656; x_wconf 88' lang='lat' dir='ltr'><strong>poenitet.</strong></span> <span class='ocrx_word' id='word_1_174' title='bbox 927 2560 1003 2634; x_wconf 86' lang='lat' dir='ltr'><strong>nam</strong></span> <span class='ocrx_word' id='word_1_175' title='bbox 1029 2569 1149 2633; x_wconf 89' lang='lat' dir='ltr'><strong>veteris</strong></span> <span class='ocrx_word' id='word_1_176' title='bbox 1174 2569 1330 2656; x_wconf 86' lang='lat' dir='ltr'><strong>interpre-</strong></span> 
     </span>
     <span class='ocr_line' id='line_1_21' title="bbox 114 2683 1355 2775; baseline -0.003 -22"><span class='ocrx_word' id='word_1_177' title='bbox 114 2687 247 2754; x_wconf 88' lang='lat' dir='ltr'><strong>tationis</strong></span> <span class='ocrx_word' id='word_1_178' title='bbox 268 2686 420 2769; x_wconf 84' lang='lat' dir='ltr'><strong>lacunae,</strong></span> <span class='ocrx_word' id='word_1_179' title='bbox 442 2708 523 2774; x_wconf 86' lang='lat' dir='ltr'><strong>quas</strong></span> <span class='ocrx_word' id='word_1_180' title='bbox 544 2684 737 2751; x_wconf 78' lang='lat' dir='ltr'><strong>Gallandius</strong></span> <span class='ocrx_word' id='word_1_181' title='bbox 760 2686 924 2751; x_wconf 82' lang='lat' dir='ltr'><strong>asteriscis</strong></span> <span class='ocrx_word' id='word_1_182' title='bbox 951 2685 1148 2772; x_wconf 82' lang='lat' dir='ltr'><strong>designavit,</strong></span> <span class='ocrx_word' id='word_1_183' title='bbox 1181 2683 1331 2772; x_wconf 89' lang='lat' dir='ltr'><strong>equidem</strong></span> <span class='ocrx_word' id='word_1_184' title='bbox 1351 2770 1355 2775; x_wconf 45' lang='lat'><strong>.</strong></span> 
     </span>
     <span class='ocr_line' id='line_1_22' title="bbox 114 2800 1332 2891; baseline -0.002 -22"><span class='ocrx_word' id='word_1_185' title='bbox 114 2805 258 2891; x_wconf 90' lang='lat' dir='ltr'><strong>punctis,</strong></span> <span class='ocrx_word' id='word_1_186' title='bbox 286 2803 476 2890; x_wconf 89' lang='lat' dir='ltr'><strong>plerumque</strong></span> <span class='ocrx_word' id='word_1_187' title='bbox 495 2804 600 2890; x_wconf 87' lang='lat' dir='ltr'><strong>ipsius</strong></span> <span class='ocrx_word' id='word_1_188' title='bbox 622 2803 794 2885; x_wconf 82' lang='lat' dir='ltr'><strong>versionis,</strong></span> <span class='ocrx_word' id='word_1_189' title='bbox 824 2824 890 2867; x_wconf 92' lang='lat' dir='ltr'><strong>non</strong></span> <span class='ocrx_word' id='word_1_190' title='bbox 912 2800 1033 2867; x_wconf 88' lang='lat' dir='ltr'><strong>codicis</strong></span> <span class='ocrx_word' id='word_1_191' title='bbox 1053 2800 1213 2867; x_wconf 85' lang='lat' dir='ltr'><strong>defectum</strong></span> <span class='ocrx_word' id='word_1_192' title='bbox 1236 2803 1332 2887; x_wconf 85' lang='lat' dir='ltr'><strong>signi·</strong></span> 
     </span>
    </p>
   </div>
   <div class='ocr_carea' id='block_1_6' title="bbox 116 2917 1406 3013">
    <p class='ocr_par' dir='ltr' id='par_1_7' title="bbox 116 2917 1406 3013">
     <span class='ocr_line' id='line_1_23' title="bbox 116 2917 1406 3013; baseline -0.002 -27"><span class='ocrx_word' id='word_1_193' title='bbox 116 2920 261 2998; x_wconf 84' lang='lat' dir='ltr'><strong>ficant1).</strong></span> <span class='ocrx_word' id='word_1_194' title='bbox 296 2921 406 3006; x_wconf 85' lang='lat' dir='ltr'><strong>itaque</strong></span> <span class='ocrx_word' id='word_1_195' title='bbox 427 2921 461 2984; x_wconf 94' lang='lat' dir='ltr'><strong>in</strong></span> <span class='ocrx_word' id='word_1_196' title='bbox 476 2941 550 2984; x_wconf 89' lang='lat' dir='ltr'><strong>mea</strong></span> <span class='ocrx_word' id='word_1_197' title='bbox 564 2918 705 2984; x_wconf 88' lang='lat' dir='ltr'><strong>editione</strong></span> <span class='ocrx_word' id='word_1_198' title='bbox 719 2917 801 2984; x_wconf 89' lang='lat' dir='ltr'><strong>haec</strong></span> <span class='ocrx_word' id='word_1_199' title='bbox 815 2917 1011 3004; x_wconf 90' lang='lat' dir='ltr'><strong>corrigenda</strong></span> <span class='ocrx_word' id='word_1_200' title='bbox 1026 2927 1114 2984; x_wconf 83' lang='lat' dir='ltr'><strong>sunt:</strong></span> <span class='ocrx_word' id='word_1_201' title='bbox 1137 2940 1164 2982; x_wconf 90' lang='lat' dir='ltr'><strong>c.</strong></span> <span class='ocrx_word' id='word_1_202' title='bbox 1178 2917 1218 2984; x_wconf 93' lang='lat' dir='ltr'><strong>V.</strong></span> <span class='ocrx_word' id='word_1_203' title='bbox 1232 2940 1263 3006; x_wconf 88' lang='lat' dir='ltr'><strong>p.</strong></span> <span class='ocrx_word' id='word_1_204' title='bbox 1283 2924 1331 2995; x_wconf 84' lang='lat'><strong>14,</strong></span> <span class='ocrx_word' id='word_1_205' title='bbox 1401 3003 1406 3013; x_wconf 33' lang='lat'>‚</span> 
     </span>
    </p>
   </div>
   <div class='ocr_carea' id='block_1_7' title="bbox 7 3028 1332 3122">
    <p class='ocr_par' dir='ltr' id='par_1_8' title="bbox 7 3028 1332 3122">
     <span class='ocr_line' id='line_1_24' title="bbox 7 3028 1332 3122; baseline -0.005 -16"><span class='ocrx_word' id='word_1_206' title='bbox 7 3117 9 3122; x_wconf 23' lang='lat'><strong>¹</strong></span> <span class='ocrx_word' id='word_1_207' title='bbox 117 3046 136 3105; x_wconf 89' lang='grc'><strong>7</strong></span> <span class='ocrx_word' id='word_1_208' title='bbox 159 3060 251 3104; x_wconf 89' lang='lat' dir='ltr'><strong>voco.</strong></span> <span class='ocrx_word' id='word_1_209' title='bbox 273 3028 321 3112; x_wconf 80' lang='grc' dir='ltr'><strong>εἰς</strong></span> <span class='ocrx_word' id='word_1_210' title='bbox 340 3030 519 3119; x_wconf 77' lang='grc' dir='ltr'><em>μετάνοιαν</em></span> <span class='ocrx_word' id='word_1_211' title='bbox 541 3035 717 3102; x_wconf 89' lang='lat' dir='ltr'><strong>secundum</strong></span> <span class='ocrx_word' id='word_1_212' title='bbox 739 3035 891 3113; x_wconf 45' lang='lat' dir='ltr'><strong>cod.,Sin.</strong></span> <span class='ocrx_word' id='word_1_213' title='bbox 906 3043 938 3100; x_wconf 91' lang='lat' dir='ltr'><strong>et</strong></span> <span class='ocrx_word' id='word_1_214' title='bbox 951 3043 1016 3100; x_wconf 87' lang='lat' dir='ltr'><strong>vet.</strong></span> <span class='ocrx_word' id='word_1_215' title='bbox 1033 3036 1243 3122; x_wconf 90' lang='lat' dir='ltr'><strong>interpretem</strong></span> <span class='ocrx_word' id='word_1_216' title='bbox 1258 3057 1332 3100; x_wconf 89' lang='lat' dir='ltr'><strong>con-</strong></span> 
     </span>
    </p>
   </div>
   <div class='ocr_carea' id='block_1_8' title="bbox 118 3151 1335 4292">
    <p class='ocr_par' dir='ltr' id='par_1_9' title="bbox 118 3151 1335 4292">
     <span class='ocr_line' id='line_1_25' title="bbox 119 3151 1332 3239; baseline -0.003 -19"><span class='ocrx_word' id='word_1_217' title='bbox 119 3155 310 3220; x_wconf 86' lang='lat' dir='ltr'><strong>sentientem</strong></span> <span class='ocrx_word' id='word_1_218' title='bbox 337 3153 475 3220; x_wconf 90' lang='lat' dir='ltr'><strong>delenda</strong></span> <span class='ocrx_word' id='word_1_219' title='bbox 501 3162 575 3218; x_wconf 91' lang='lat' dir='ltr'><strong>sunt</strong></span> <span class='ocrx_word' id='word_1_220' title='bbox 601 3153 652 3234; x_wconf 87' lang='lat' dir='ltr'><strong>(cf.</strong></span> <span class='ocrx_word' id='word_1_221' title='bbox 682 3151 782 3219; x_wconf 80' lang='lat' dir='ltr'><strong>Olem.</strong></span> <span class='ocrx_word' id='word_1_222' title='bbox 811 3151 902 3218; x_wconf 91' lang='lat' dir='ltr'><strong>Rom.</strong></span> <span class='ocrx_word' id='word_1_223' title='bbox 926 3153 989 3239; x_wconf 91' lang='lat' dir='ltr'><strong>epi.</strong></span> <span class='ocrx_word' id='word_1_224' title='bbox 1010 3151 1053 3226; x_wconf 92' lang='grc' dir='ltr'><strong>Π,</strong></span> <span class='ocrx_word' id='word_1_225' title='bbox 1074 3157 1094 3219; x_wconf 97' lang='grc'>2</span> <span class='ocrx_word' id='word_1_226' title='bbox 1115 3174 1146 3238; x_wconf 92' lang='lat' dir='ltr'><strong>p.</strong></span> <span class='ocrx_word' id='word_1_227' title='bbox 1170 3157 1225 3234; x_wconf 85' lang='lat'><strong>71,</strong></span> <span class='ocrx_word' id='word_1_228' title='bbox 1245 3156 1274 3217; x_wconf 84' lang='lat'><strong>3.</strong></span> <span class='ocrx_word' id='word_1_229' title='bbox 1289 3152 1332 3235; x_wconf 83' lang='lat'><strong>1),</strong></span> 
     </span>
     <span class='ocr_line' id='line_1_26' title="bbox 119 3259 1331 3357; baseline -0.006 -20"><span class='ocrx_word' id='word_1_230' title='bbox 119 3273 217 3337; x_wconf 89' lang='lat' dir='ltr'><strong>etiam</strong></span> <span class='ocrx_word' id='word_1_231' title='bbox 240 3292 266 3335; x_wconf 90' lang='lat' dir='ltr'><strong>o.</strong></span> <span class='ocrx_word' id='word_1_232' title='bbox 287 3269 344 3336; x_wconf 90' lang='lat' dir='ltr'><strong>VI.</strong></span> <span class='ocrx_word' id='word_1_233' title='bbox 364 3293 397 3357; x_wconf 97' lang='grc' dir='ltr'><strong>Ρ.</strong></span> <span class='ocrx_word' id='word_1_234' title='bbox 420 3275 502 3353; x_wconf 83' lang='grc'>20,1</span> <span class='ocrx_word' id='word_1_235' title='bbox 525 3264 559 3332; x_wconf 78' lang='grc' dir='ltr'><strong>ἐν</strong></span> <span class='ocrx_word' id='word_1_236' title='bbox 579 3264 681 3353; x_wconf 80' lang='grc' dir='ltr'>μέσῳ,</span> <span class='ocrx_word' id='word_1_237' title='bbox 705 3291 734 3335; x_wconf 93' lang='lat' dir='ltr'><strong>c.</strong></span> <span class='ocrx_word' id='word_1_238' title='bbox 748 3267 808 3333; x_wconf 90' lang='lat' dir='ltr'><strong>XI.</strong></span> <span class='ocrx_word' id='word_1_239' title='bbox 823 3291 855 3355; x_wconf 93' lang='lat' dir='ltr'><strong>p.</strong></span> <span class='ocrx_word' id='word_1_240' title='bbox 875 3260 979 3352; x_wconf 83' lang='grc'>36,12</span> <span class='ocrx_word' id='word_1_241' title='bbox 999 3259 1130 3351; x_wconf 76' lang='grc' dir='ltr'><em>μεγάλα</em></span> <span class='ocrx_word' id='word_1_242' title='bbox 1145 3268 1197 3343; x_wconf 86' lang='lat' dir='ltr'><strong>(cf.</strong></span> <span class='ocrx_word' id='word_1_243' title='bbox 1213 3266 1331 3348; x_wconf 88' lang='lat' dir='ltr'><strong>LXX).</strong></span> 
     </span>
     <span class='ocr_line' id='line_1_27' title="bbox 118 3383 1334 3473; baseline -0.004 -20"><span class='ocrx_word' id='word_1_244' title='bbox 118 3387 238 3454; x_wconf 90' lang='lat' dir='ltr'><strong>iisdem</strong></span> <span class='ocrx_word' id='word_1_245' title='bbox 264 3387 402 3453; x_wconf 86' lang='lat' dir='ltr'><strong>testibus</strong></span> <span class='ocrx_word' id='word_1_246' title='bbox 431 3385 706 3452; x_wconf 86' lang='lat' dir='ltr'><strong>consentientibus</strong></span> <span class='ocrx_word' id='word_1_247' title='bbox 734 3408 760 3450; x_wconf 89' lang='lat' dir='ltr'><strong>c.</strong></span> <span class='ocrx_word' id='word_1_248' title='bbox 782 3385 840 3450; x_wconf 84' lang='lat' dir='ltr'><strong>XI.</strong></span> <span class='ocrx_word' id='word_1_249' title='bbox 867 3409 899 3473; x_wconf 91' lang='lat' dir='ltr'><strong>p.</strong></span> <span class='ocrx_word' id='word_1_250' title='bbox 922 3389 972 3468; x_wconf 86' lang='lat'><strong>36,</strong></span> <span class='ocrx_word' id='word_1_251' title='bbox 991 3391 1040 3451; x_wconf 91' lang='grc'><strong>21.</strong></span> <span class='ocrx_word' id='word_1_252' title='bbox 1061 3390 1101 3452; x_wconf 92' lang='grc'><strong>22</strong></span> <span class='ocrx_word' id='word_1_253' title='bbox 1126 3383 1334 3449; x_wconf 87' lang='lat' dir='ltr'><strong>scribendum</strong></span> 
     </span>
     <span class='ocr_line' id='line_1_28' title="bbox 120 3490 1333 3589; baseline -0.005 -19"><span class='ocrx_word' id='word_1_254' title='bbox 120 3515 186 3570; x_wconf 87' lang='lat' dir='ltr'><strong>est:</strong></span> <span class='ocrx_word' id='word_1_255' title='bbox 208 3499 263 3568; x_wconf 80' lang='lat' dir='ltr'><strong>uui</strong></span> <span class='ocrx_word' id='word_1_256' title='bbox 282 3509 358 3582; x_wconf 91' lang='lat' dir='ltr'><strong>(non</strong></span> <span class='ocrx_word' id='word_1_257' title='bbox 380 3526 453 3570; x_wconf 91' lang='lat' dir='ltr'><strong>cum</strong></span> <span class='ocrx_word' id='word_1_258' title='bbox 474 3503 576 3589; x_wconf 63' lang='lat' dir='ltr'><strong>vulga</strong></span> <span class='ocrx_word' id='word_1_259' title='bbox 598 3490 669 3565; x_wconf 81' lang='lat' dir='ltr'><strong>aiau</strong></span> <span class='ocrx_word' id='word_1_260' title='bbox 688 3495 721 3564; x_wconf 81' lang='grc' dir='ltr'><strong>τί</strong></span> <span class='ocrx_word' id='word_1_261' title='bbox 744 3497 832 3585; x_wconf 76' lang='grc' dir='ltr'><em>λέγει</em></span> <span class='ocrx_word' id='word_1_262' title='bbox 854 3497 889 3565; x_wconf 78' lang='grc' dir='ltr'><strong>ἐν</strong></span> <span class='ocrx_word' id='word_1_263' title='bbox 909 3503 957 3586; x_wconf 77' lang='grc' dir='ltr'><strong>τῷ</strong></span> <span class='ocrx_word' id='word_1_264' title='bbox 981 3493 1074 3585; x_wconf 53' lang='lat' dir='ltr'><strong>siah)</strong></span> <span class='ocrx_word' id='word_1_265' title='bbox 1099 3497 1138 3565; x_wconf 82' lang='grc' dir='ltr'><strong>τὸ</strong></span> <span class='ocrx_word' id='word_1_266' title='bbox 1166 3494 1255 3582; x_wconf 76' lang='grc' dir='ltr'><em>ὕδωρ</em></span> <span class='ocrx_word' id='word_1_267' title='bbox 1278 3491 1333 3564; x_wconf 79' lang='grc' dir='ltr'><strong>αὖ·</strong></span> 
     </span>
     <span class='ocr_line' id='line_1_29' title="bbox 119 3611 1334 3706; baseline -0.001 -22"><span class='ocrx_word' id='word_1_268' title='bbox 119 3624 178 3686; x_wconf 80' lang='grc' dir='ltr'><strong>τοῦ</strong></span> <span class='ocrx_word' id='word_1_269' title='bbox 200 3613 321 3686; x_wconf 77' lang='grc' dir='ltr'><em>πιστόν</em></span> <span class='ocrx_word' id='word_1_270' title='bbox 343 3621 395 3702; x_wconf 89' lang='lat' dir='ltr'><strong>(cf.</strong></span> <span class='ocrx_word' id='word_1_271' title='bbox 419 3618 537 3697; x_wconf 87' lang='lat' dir='ltr'><strong>LXX).</strong></span> <span class='ocrx_word' id='word_1_272' title='bbox 574 3642 600 3684; x_wconf 90' lang='lat' dir='ltr'><strong>c.</strong></span> <span class='ocrx_word' id='word_1_273' title='bbox 621 3617 712 3684; x_wconf 88' lang='lat' dir='ltr'><strong>XIV.</strong></span> <span class='ocrx_word' id='word_1_274' title='bbox 734 3642 766 3706; x_wconf 90' lang='lat' dir='ltr'><strong>p.</strong></span> <span class='ocrx_word' id='word_1_275' title='bbox 782 3624 833 3703; x_wconf 88' lang='grc'><strong>46,</strong></span> <span class='ocrx_word' id='word_1_276' title='bbox 855 3624 895 3685; x_wconf 92' lang='grc'><strong>22</strong></span> <span class='ocrx_word' id='word_1_277' title='bbox 916 3641 986 3684; x_wconf 88' lang='lat' dir='ltr'><strong>voc.</strong></span> <span class='ocrx_word' id='word_1_278' title='bbox 1008 3611 1069 3701; x_wconf 76' lang='grc' dir='ltr'><strong>γάρ</strong></span> <span class='ocrx_word' id='word_1_279' title='bbox 1090 3616 1262 3682; x_wconf 90' lang='lat' dir='ltr'><strong>delendum</strong></span> <span class='ocrx_word' id='word_1_280' title='bbox 1276 3628 1334 3694; x_wconf 89' lang='lat' dir='ltr'><strong>est,</strong></span> 
     </span>
     <span class='ocr_line' id='line_1_30' title="bbox 121 3733 1335 3826; baseline -0.003 -22"><span class='ocrx_word' id='word_1_281' title='bbox 121 3762 141 3804; x_wconf 86' lang='lat' dir='ltr'><strong>a</strong></span> <span class='ocrx_word' id='word_1_282' title='bbox 161 3739 265 3804; x_wconf 91' lang='lat' dir='ltr'><strong>veteri</strong></span> <span class='ocrx_word' id='word_1_283' title='bbox 286 3739 462 3826; x_wconf 89' lang='lat' dir='ltr'><strong>interprete</strong></span> <span class='ocrx_word' id='word_1_284' title='bbox 482 3759 549 3802; x_wconf 92' lang='lat' dir='ltr'><strong>non</strong></span> <span class='ocrx_word' id='word_1_285' title='bbox 569 3736 802 3802; x_wconf 88' lang='lat' dir='ltr'><strong>confirmatum.</strong></span> <span class='ocrx_word' id='word_1_286' title='bbox 838 3735 956 3823; x_wconf 92' lang='lat' dir='ltr'><strong>quibus</strong></span> <span class='ocrx_word' id='word_1_287' title='bbox 976 3734 1057 3801; x_wconf 91' lang='lat' dir='ltr'><strong>locis</strong></span> <span class='ocrx_word' id='word_1_288' title='bbox 1076 3757 1140 3800; x_wconf 87' lang='lat' dir='ltr'><strong>non</strong></span> <span class='ocrx_word' id='word_1_289' title='bbox 1163 3733 1261 3799; x_wconf 87' lang='lat' dir='ltr'><strong>solius</strong></span> <span class='ocrx_word' id='word_1_290' title='bbox 1284 3757 1335 3800; x_wconf 91' lang='lat' dir='ltr'><strong>co-</strong></span> 
     </span>
     <span class='ocr_line' id='line_1_31' title="bbox 122 3849 1334 3940; baseline -0.005 -20"><span class='ocrx_word' id='word_1_291' title='bbox 122 3856 204 3921; x_wconf 90' lang='lat' dir='ltr'><strong>dicis</strong></span> <span class='ocrx_word' id='word_1_292' title='bbox 228 3855 387 3938; x_wconf 85' lang='lat' dir='ltr'><strong>Sinaitici,</strong></span> <span class='ocrx_word' id='word_1_293' title='bbox 410 3853 467 3920; x_wconf 91' lang='lat' dir='ltr'><strong>sed</strong></span> <span class='ocrx_word' id='word_1_294' title='bbox 489 3855 586 3919; x_wconf 90' lang='lat' dir='ltr'><strong>etiam</strong></span> <span class='ocrx_word' id='word_1_295' title='bbox 607 3852 694 3918; x_wconf 89' lang='lat' dir='ltr'><strong>illius</strong></span> <span class='ocrx_word' id='word_1_296' title='bbox 710 3853 821 3939; x_wconf 83' lang='lat' dir='ltr'><strong>graeci</strong></span> <span class='ocrx_word' id='word_1_297' title='bbox 841 3851 973 3935; x_wconf 86' lang='lat' dir='ltr'><strong>codicis,</strong></span> <span class='ocrx_word' id='word_1_298' title='bbox 994 3873 1089 3940; x_wconf 90' lang='lat' dir='ltr'><strong>quem</strong></span> <span class='ocrx_word' id='word_1_299' title='bbox 1104 3849 1223 3915; x_wconf 91' lang='lat' dir='ltr'><strong>latinus</strong></span> <span class='ocrx_word' id='word_1_300' title='bbox 1238 3851 1334 3915; x_wconf 89' lang='lat' dir='ltr'><strong>inter-</strong></span> 
     </span>
     <span class='ocr_line' id='line_1_32' title="bbox 122 3967 1334 4058; baseline -0.003 -22"><span class='ocrx_word' id='word_1_301' title='bbox 122 3995 198 4058; x_wconf 88' lang='lat' dir='ltr'><strong>pres</strong></span> <span class='ocrx_word' id='word_1_302' title='bbox 219 3970 317 4036; x_wconf 88' lang='lat' dir='ltr'><strong>valde</strong></span> <span class='ocrx_word' id='word_1_303' title='bbox 336 3971 561 4043; x_wconf 83' lang='lat' dir='ltr'><strong>abbreviatum</strong></span> <span class='ocrx_word' id='word_1_304' title='bbox 581 3968 737 4050; x_wconf 83' lang='lat' dir='ltr'><strong>reddidit,</strong></span> <span class='ocrx_word' id='word_1_305' title='bbox 766 3970 967 4055; x_wconf 87' lang='lat' dir='ltr'><strong>praestantia</strong></span> <span class='ocrx_word' id='word_1_306' title='bbox 990 3967 1206 4034; x_wconf 86' lang='lat' dir='ltr'><strong>confirmatur.</strong></span> <span class='ocrx_word' id='word_1_307' title='bbox 1243 3990 1269 4032; x_wconf 91' lang='lat' dir='ltr'><strong>c.</strong></span> <span class='ocrx_word' id='word_1_308' title='bbox 1292 3967 1334 4032; x_wconf 89' lang='lat' dir='ltr'><strong>X.</strong></span> 
     </span>
     <span class='ocr_line' id='line_1_33' title="bbox 122 4081 1335 4175; baseline -0.007 -19"><span class='ocrx_word' id='word_1_309' title='bbox 122 4111 153 4175; x_wconf 87' lang='lat' dir='ltr'><strong>p.</strong></span> <span class='ocrx_word' id='word_1_310' title='bbox 176 4095 226 4172; x_wconf 84' lang='grc'><strong>32,</strong></span> <span class='ocrx_word' id='word_1_311' title='bbox 251 4098 264 4153; x_wconf 94' lang='grc'>1</span> <span class='ocrx_word' id='word_1_312' title='bbox 288 4110 360 4154; x_wconf 88' lang='lat' dir='ltr'><strong>voc.</strong></span> <span class='ocrx_word' id='word_1_313' title='bbox 382 4081 427 4164; x_wconf 81' lang='grc' dir='ltr'><strong>ὡς</strong></span> <span class='ocrx_word' id='word_1_314' title='bbox 448 4088 545 4154; x_wconf 89' lang='lat' dir='ltr'><strong>etiam</strong></span> <span class='ocrx_word' id='word_1_315' title='bbox 567 4089 637 4153; x_wconf 91' lang='lat' dir='ltr'><strong>sine</strong></span> <span class='ocrx_word' id='word_1_316' title='bbox 658 4087 776 4152; x_wconf 88' lang='lat' dir='ltr'><strong>veteris</strong></span> <span class='ocrx_word' id='word_1_317' title='bbox 791 4085 1182 4173; x_wconf 74' lang='lat' dir='ltr'><strong>interpretistestimonio</strong></span> <span class='ocrx_word' id='word_1_318' title='bbox 1197 4083 1335 4149; x_wconf 88' lang='lat' dir='ltr'><strong>retinen-</strong></span> 
     </span>
     <span class='ocr_line' id='line_1_34' title="bbox 123 4197 1334 4292; baseline -0.006 -21"><span class='ocrx_word' id='word_1_319' title='bbox 123 4207 198 4272; x_wconf 92' lang='lat' dir='ltr'><strong>dum</strong></span> <span class='ocrx_word' id='word_1_320' title='bbox 220 4214 278 4272; x_wconf 90' lang='lat' dir='ltr'><strong>est.</strong></span> <span class='ocrx_word' id='word_1_321' title='bbox 295 4228 341 4272; x_wconf 78' lang='lat' dir='ltr'><strong>‚u</strong></span> <span class='ocrx_word' id='word_1_322' title='bbox 364 4205 419 4271; x_wconf 92' lang='lat' dir='ltr'><strong>VI.</strong></span> <span class='ocrx_word' id='word_1_323' title='bbox 443 4228 474 4292; x_wconf 90' lang='lat' dir='ltr'><strong>p.</strong></span> <span class='ocrx_word' id='word_1_324' title='bbox 496 4211 546 4283; x_wconf 87' lang='grc'><strong>26,</strong></span> <span class='ocrx_word' id='word_1_325' title='bbox 568 4211 587 4271; x_wconf 96' lang='grc'>7</span> <span class='ocrx_word' id='word_1_326' title='bbox 612 4201 650 4269; x_wconf 84' lang='grc' dir='ltr'><strong>τὸ</strong></span> <span class='ocrx_word' id='word_1_327' title='bbox 674 4215 748 4271; x_wconf 93' lang='lat' dir='ltr'><strong>ante</strong></span> <span class='ocrx_word' id='word_1_328' title='bbox 774 4197 855 4285; x_wconf 79' lang='grc' dir='ltr'><em>μέλι</em></span> <span class='ocrx_word' id='word_1_329' title='bbox 882 4225 956 4267; x_wconf 91' lang='lat' dir='ltr'><strong>cum</strong></span> <span class='ocrx_word' id='word_1_330' title='bbox 982 4201 1053 4267; x_wconf 89' lang='lat' dir='ltr'><strong>cod.</strong></span> <span class='ocrx_word' id='word_1_331' title='bbox 1075 4201 1141 4266; x_wconf 83' lang='lat' dir='ltr'><strong>Sin.</strong></span> <span class='ocrx_word' id='word_1_332' title='bbox 1163 4200 1334 4287; x_wconf 85' lang='lat' dir='ltr'><strong>legendnm</strong></span> 
     </span>
    </p>
   </div>
   <div class='ocr_carea' id='block_1_9' title="bbox 123 4417 1336 4748">
    <p class='ocr_par' dir='ltr' id='par_1_10' title="bbox 123 4417 1336 4748">
     <span class='ocr_line' id='line_1_35' title="bbox 191 4417 1336 4493; baseline -0.009 -13"><span class='ocrx_word' id='word_1_333' title='bbox 191 4426 217 4493; x_wconf 90' lang='lat'><strong>1)</strong></span> <span class='ocrx_word' id='word_1_334' title='bbox 235 4441 267 4478; x_wconf 86' lang='lat' dir='ltr'><strong>ex</strong></span> <span class='ocrx_word' id='word_1_335' title='bbox 285 4425 363 4478; x_wconf 86' lang='lat' dir='ltr'><strong>unico</strong></span> <span class='ocrx_word' id='word_1_336' title='bbox 375 4423 466 4478; x_wconf 86' lang='lat' dir='ltr'><strong>codiee</strong></span> <span class='ocrx_word' id='word_1_337' title='bbox 485 4424 548 4479; x_wconf 88' lang='lat' dir='ltr'><strong>olim</strong></span> <span class='ocrx_word' id='word_1_338' title='bbox 566 4423 720 4479; x_wconf 69' lang='lat' dir='ltr'><strong>corbeiensi</strong></span> <span class='ocrx_word' id='word_1_339' title='bbox 737 4423 890 4478; x_wconf 86' lang='lat' dir='ltr'><strong>accuratius</strong></span> <span class='ocrx_word' id='word_1_340' title='bbox 907 4420 979 4476; x_wconf 89' lang='lat' dir='ltr'><strong>edidi</strong></span> <span class='ocrx_word' id='word_1_341' title='bbox 989 4418 1128 4476; x_wconf 86' lang='lat' dir='ltr'><strong>Barnabae</strong></span> <span class='ocrx_word' id='word_1_342' title='bbox 1145 4417 1277 4488; x_wconf 83' lang='lat' dir='ltr'><strong>epistulae</strong></span> <span class='ocrx_word' id='word_1_343' title='bbox 1295 4417 1336 4471; x_wconf 89' lang='lat' dir='ltr'><strong>in·</strong></span> 
     </span>
     <span class='ocr_line' id='line_1_36' title="bbox 123 4501 1335 4578; baseline -0.007 -16"><span class='ocrx_word' id='word_1_344' title='bbox 123 4508 340 4578; x_wconf 86' lang='lat' dir='ltr'><strong>terpretationem</strong></span> <span class='ocrx_word' id='word_1_345' title='bbox 368 4512 483 4563; x_wconf 84' lang='lat' dir='ltr'><strong>veterem</strong></span> <span class='ocrx_word' id='word_1_346' title='bbox 508 4509 623 4563; x_wconf 84' lang='lat' dir='ltr'><strong>latinam</strong></span> <span class='ocrx_word' id='word_1_347' title='bbox 644 4509 685 4564; x_wconf 89' lang='lat' dir='ltr'><strong>in:</strong></span> <span class='ocrx_word' id='word_1_348' title='bbox 715 4507 870 4563; x_wconf 78' lang='lat' dir='ltr'><strong>zeitschrift</strong></span> <span class='ocrx_word' id='word_1_349' title='bbox 896 4507 914 4560; x_wconf 84' lang='lat' dir='ltr'><strong>f.</strong></span> <span class='ocrx_word' id='word_1_350' title='bbox 936 4505 1007 4560; x_wconf 88' lang='lat' dir='ltr'><strong>wiss.</strong></span> <span class='ocrx_word' id='word_1_351' title='bbox 1031 4501 1174 4571; x_wconf 76' lang='lat' dir='ltr'><strong>Theologie</strong></span> <span class='ocrx_word' id='word_1_352' title='bbox 1198 4506 1272 4558; x_wconf 84' lang='grc'>1871.</span> <span class='ocrx_word' id='word_1_353' title='bbox 1298 4501 1335 4556; x_wconf 89' lang='grc' dir='ltr'><strong>Π.</strong></span> 
     </span>
     <span class='ocr_line' id='line_1_37' title="bbox 124 4584 1335 4662; baseline -0.009 -12"><span class='ocrx_word' id='word_1_354' title='bbox 124 4609 149 4661; x_wconf 85' lang='lat' dir='ltr'><strong>p.</strong></span> <span class='ocrx_word' id='word_1_355' title='bbox 166 4597 215 4649; x_wconf 90' lang='grc'><strong>262</strong></span> <span class='ocrx_word' id='word_1_356' title='bbox 234 4609 273 4662; x_wconf 81' lang='lat' dir='ltr'><strong>sq.</strong></span> <span class='ocrx_word' id='word_1_357' title='bbox 299 4597 361 4662; x_wconf 89' lang='lat' dir='ltr'><strong>post</strong></span> <span class='ocrx_word' id='word_1_358' title='bbox 377 4611 419 4648; x_wconf 90' lang='lat' dir='ltr'><strong>me</strong></span> <span class='ocrx_word' id='word_1_359' title='bbox 437 4594 521 4649; x_wconf 88' lang='lat' dir='ltr'><strong>edidit</strong></span> <span class='ocrx_word' id='word_1_360' title='bbox 539 4595 622 4649; x_wconf 84' lang='lat' dir='ltr'><strong>Osear</strong></span> <span class='ocrx_word' id='word_1_361' title='bbox 639 4593 671 4647; x_wconf 89' lang='lat' dir='ltr'><strong>de</strong></span> <span class='ocrx_word' id='word_1_362' title='bbox 689 4591 827 4648; x_wconf 83' lang='lat' dir='ltr'><strong>Gebhardt</strong></span> <span class='ocrx_word' id='word_1_363' title='bbox 845 4591 967 4660; x_wconf 82' lang='lat' dir='ltr'><strong>(Petrum</strong></span> <span class='ocrx_word' id='word_1_364' title='bbox 985 4588 1175 4658; x_wconf 86' lang='lat' dir='ltr'><strong>apostuliomm</strong></span> <span class='ocrx_word' id='word_1_365' title='bbox 1188 4602 1276 4656; x_wconf 82' lang='lat' dir='ltr'><strong>opera,</strong></span> <span class='ocrx_word' id='word_1_366' title='bbox 1295 4584 1335 4640; x_wconf 92' lang='lat' dir='ltr'><strong>ed.</strong></span> 
     </span>
     <span class='ocr_line' id='line_1_38' title="bbox 125 4673 1247 4748; baseline -0.006 -14"><span class='ocrx_word' id='word_1_367' title='bbox 125 4679 156 4734; x_wconf 89' lang='grc' dir='ltr'><strong>Ο.</strong></span> <span class='ocrx_word' id='word_1_368' title='bbox 173 4679 205 4734; x_wconf 88' lang='lat' dir='ltr'><strong>de</strong></span> <span class='ocrx_word' id='word_1_369' title='bbox 223 4680 369 4746; x_wconf 85' lang='lat' dir='ltr'><strong>Gebhardt,</strong></span> <span class='ocrx_word' id='word_1_370' title='bbox 388 4680 455 4736; x_wconf 80' lang='lat' dir='ltr'><strong>Ado.</strong></span> <span class='ocrx_word' id='word_1_371' title='bbox 474 4680 609 4745; x_wconf 83' lang='lat' dir='ltr'><strong>Harmck,</strong></span> <span class='ocrx_word' id='word_1_372' title='bbox 627 4679 675 4734; x_wconf 75' lang='lat' dir='ltr'><strong>nh.</strong></span> <span class='ocrx_word' id='word_1_373' title='bbox 693 4677 775 4743; x_wconf 85' lang='lat' dir='ltr'><strong>Zahn,</strong></span> <span class='ocrx_word' id='word_1_374' title='bbox 792 4677 858 4734; x_wconf 85' lang='lat' dir='ltr'><strong>fasc.</strong></span> <span class='ocrx_word' id='word_1_375' title='bbox 874 4677 906 4741; x_wconf 91' lang='lat' dir='ltr'><strong>L,</strong></span> <span class='ocrx_word' id='word_1_376' title='bbox 925 4676 998 4748; x_wconf 82' lang='lat' dir='ltr'><strong>Lipa.</strong></span> <span class='ocrx_word' id='word_1_377' title='bbox 1019 4679 1083 4730; x_wconf 84' lang='grc'>1875</span> <span class='ocrx_word' id='word_1_378' title='bbox 1101 4691 1128 4746; x_wconf 89' lang='grc' dir='ltr'><strong>Ρ.</strong></span> <span class='ocrx_word' id='word_1_379' title='bbox 1146 4677 1178 4728; x_wconf 80' lang='grc'><strong>56</strong></span> <span class='ocrx_word' id='word_1_380' title='bbox 1196 4673 1247 4746; x_wconf 86' lang='lat' dir='ltr'><strong>sq.)</strong></span> 
     </span>
    </p>
   </div>
   <div class='ocr_carea' id='block_1_10' title="bbox 0 0 1723 5118">
    <p class='ocr_par' dir='ltr' id='par_1_11' title="bbox 0 0 1723 5118">
     <span class='ocr_line' id='line_1_39' title="bbox 0 0 1723 5118; baseline 0 0"><span class='ocrx_word' id='word_1_381' title='bbox 0 0 1723 5118; x_wconf 95' lang='lat' dir='ltr'><strong> </strong></span> 
     </span>
    </p>
   </div>
  </div>
 </body>
</html>
