3402 5118
368 321 407 384 14
799 336 995 384 ommno
1015 335 1150 384 rorum

364 515 421 579 νῦν
441 511 480 579 σὺ
504 503 544 593 εί,
568 512 654 598 πρὸς
673 517 798 601 βορρᾶν
819 516 876 581 καί
890 515 971 598 λίβα
986 513 1041 582 καί
1055 509 1218 593 ἀνατολάς
1238 511 1295 580 καί
1314 509 1508 580 θάλασσαν·
1531 510 1584 581 ὅτι

264 645 267 652 ’
362 631 476 695 πᾶσαν
491 627 552 716 τήν
567 635 638 718 γῆν,
662 623 702 720 ἣν
723 630 765 700 σά
793 626 882 718 ὁρᾶς,
907 631 962 700 σοί
976 626 1071 700 δώσω
1088 626 1189 715 αὐτὴν
1202 629 1261 698 καί
1281 635 1328 718 τῷ
1348 627 1513 720 σπέρματί
1526 653 1585 696 σου

362 742 426 825 ἕως
451 751 512 813 τοῦ
536 741 674 826 αἰῶνος·
703 752 760 814 καί
779 751 911 838 ποιήσω
936 747 975 815 τὸ
1002 745 1136 834 σπέρμα
1166 771 1225 816 σου
1248 741 1294 826 ώς
1319 745 1380 836 τήν
1401 740 1511 834 άμμον
1531 752 1589 837 τῆς

361 866 437 953 γῆς·
469 857 500 928 εἰ
532 857 671 931 δύναταί
699 888 752 944 τις
784 863 1013 952 ἐξαριθμῆσαι
1044 864 1106 953 τήν
1133 858 1244 950 δίμμον
1272 869 1333 952 τῆς
1362 868 1433 955 γῆς,
1458 863 1517 931 καί
1547 863 1583 931 τδ

361 976 494 1065 σπέρμα
521 1001 579 1047 σου
614 977 938 1072 ἐξαριθμηθήσεταά.
971 980 1029 1048 καί
1054 977 1156 1048 πάλιν
1181 979 1286 1066 λέγει·
1309 974 1476 1070 ,Ἐξήγαγε
1504 979 1542 1046 δέ
1568 975 1586 1048 ὁ
1612 989 1626 1039 5

198 1075 347 1168 ’ἐπῆκε
363 1093 446 1174 θεὸς
465 1097 523 1164 τὸν
547 1092 703 1184 Ἀβραάμ
730 1097 788 1169 καί
815 1090 908 1165 εἶπεν
934 1093 1025 1186 αὐτῷ
1046 1093 1259 1189 Ἀνάβλεψον
1287 1092 1335 1176 είς
1360 1096 1418 1165 τὸν
1444 1092 1588 1182 οὐρανὸν

360 1211 418 1278 καί
434 1207 624 1300 άρίθμησον
645 1212 723 1294 τοὺς
737 1208 887 1303 ἀστέρας,
910 1209 939 1282 εί
957 1211 1078 1305 δυνήσῃ
1095 1212 1314 1304 ἐξαριθμῆσαι
1329 1207 1462 1296 αὐτούς,
1484 1213 1588 1292 οὕτως
1696 1237 1697 1258 ¹

205 1321 315 1420 {ffij
328 1322 349 1414 ξζ
363 1329 454 1396 ἐσται
474 1328 513 1396 τὸ
534 1327 667 1419 σπέρμα
684 1353 752 1401 σου.
775 1327 947 1399 ἐπίστευσε
962 1329 999 1399 δέ
1015 1325 1171 1418 ’Λβραάμ
1185 1335 1233 1418 τῷ
1247 1335 1329 1417 θεῷ,
1353 1329 1410 1397 καὶ
1424 1327 1588 1418 ἐλογίσθη

228 1439 352 1532 θ’,ῗῂιω
366 1440 455 1532 αὐτῷ
477 1441 525 1526 εἷς
545 1449 777 1536 δικαιοσύνηνί.
801 1447 860 1514 διὰ
880 1444 990 1516 πίστιν
1007 1447 1064 1516 καὶ
1079 1443 1271 1538 φιλοξενίαν
1291 1443 1399 1536 ἐδόθη
1414 1442 1502 1534 αὐτῷ
1515 1443 1588 1526 υίὸς

192 1590 348 1639 aornar.
363 1561 397 1628 ἐν
416 1559 518 1650 γήρει,
541 1563 596 1632 καί
618 1558 660 1631 δι’
683 1559 836 1654 ὑπακοῆς
856 1562 1077 1656 προσήνεγκεν
1098 1559 1201 1634 αὐτὸν
1230 1560 1351 1632 θυσίαν
1371 1568 1419 1652 τῷ
1439 1569 1514 1651 θεῷ
1540 1559 1588 1644 εἷς
1596 1579 1625 1629 1ο

211 1707 333 1750 eorm.
360 1673 397 1746 ἐν
417 1683 482 1745 τών
502 1675 604 1766 ὀρέων
626 1671 674 1748 ών
695 1677 816 1764 ἔδειξεν
837 1677 935 1769 αὐτῷ.
1019 1686 1078 1751 ΧΙ.
1111 1677 1382 1770 deterioretur
1409 1679 1467 1748 καί
1492 1675 1587 1748 εὐσέ-

359 1801 456 1882 βειαν
475 1795 561 1864 Λώτ
583 1796 696 1886 ἐσώθη
720 1795 756 1865 ἐκ
778 1795 960 1883 Σοδόμων,
991 1803 1050 1887 τής
1076 1795 1258 1885 περιχώρου
1280 1792 1390 1888 πάσης
1411 1793 1588 1886 κριθείσης

361 1911 419 1980 διὰ
441 1913 547 2000 πυρὸς
560 1913 617 1981 καί
629 1918 739 1983 θείου·
762 1911 934 2006 πρόδηλον
948 1912 1095 2004 ποιήσας
1108 1915 1126 1983 ὁ
1142 1914 1314 2003 δεσπότης,
1333 1913 1386 1982 ὅτι
1400 1914 1479 1994 τοὺς
1492 1912 1585 1981 ἐλπί-

361 2029 478 2112 ζοντας
498 2025 667 2122 ώςαδτὸν
690 2027 750 2097 οὐκ
773 2029 1015 2130 ἐγκαταλείπει,
1037 2030 1116 2110 τοὺς
1137 2029 1174 2097 δέ
1189 2027 1404 2118 ἐτερακλινεῖς
1424 2028 1586 2117 ὑπάρχον-

172 2187 178 2196 ·
268 2166 271 2172 “
359 2173 417 2226 τας
438 2143 486 2226 εἷς
507 2143 643 2256 κιήλασρν
665 2147 720 2215 καί
741 2143 899 2234 αίγισμὸν
919 2145 1046 2237 τίθησι.
1066 2144 1327 2235 συνεξελθοάσης
1341 2139 1513 2236 γάράὗτῷ
1526 2153 1624 2239 τῆς15

360 2253 516 2352 γυναικὸς
536 2261 798 2360 ἐτερογνΝώμ-ωρς
817 2261 1026 2357 υπαρχοδσης
1047 2265 1105 2331 καί
1131 2259 1192 2331 οδκ
1214 2263 1249 2331 ἐν
1271 2261 1429 2356 ὁμονοίᾳ,
1458 2261 1505 2344 είς
1525 2286 1585 2355 ση-

358 2385 454 2466 μεῖον
481 2361 603 2470 ἐτέθη,
630 2379 714 2448 ώστε
744 2379 897 2468 γενέσθαι
927 2377 1033 2469 αὐτήν
1058 2378 1177 2471 στήλην
1199 2376 1282 2460 ἁλὸς
1303 2381 1364 2462 ἕως
1384 2387 1441 2472 τῆς
1461 2379 1586 2473 ἡμέρας

184 2585 186 2598 ¹
359 2492 488 2586 ταύτης,
513 2493 561 2577 εἷς
580 2497 618 2566 τὸ
641 2498 786 2584 γνωστὸν
808 2489 890 2566 εἶναι
911 2503 1026 2577 πᾶσιν,
1051 2495 1104 2564 ὅτι
1126 2493 1158 2564 oi
1169 2494 1320 2605 Q
1338 2497 1396 2567 καί
1420 2495 1452 2566 oi
1475 2495 1584 2566 διστά-

184 2630 201 2678 ¹}
311 2653 325 2668 ..
361 2613 471 2706 ζοντες
494 2614 645 2704 περὶτῆς
665 2618 725 2682 τοῦ
746 2620 830 2682 θεοῦ
860 2615 1026 2699 δυνάμεως
1051 2609 1097 2693 εἰς
1121 2611 1224 2701 κρίμα
1245 2615 1303 2682 καί
1332 2619 1378 2695 είς
1406 2611 1584 2705 σημείωσιν

193 2719 346 2819 Πηξξῗῂῗς,
359 2728 482 2810 πάσαις
497 2734 570 2809 ταῖς
589 2735 716 2818 γενεαῖς
737 2730 894 2817 γίνονται.
978 2735 1056 2800 ΧΠ.
1085 2731 1142 2798 διὰ
1168 2728 1283 2800 πίστιν
1309 2732 1365 2800 καί
1393 2730 1584 2823 φιλοξενίαν
1593 2752 1624 2803 2ο

218 2872 261 2914 ιω.
274 2871 347 2920 11.25.
361 2843 472 2936 ἐσώθη
495 2844 600 2934 Ῥαὰβ
621 2843 641 2939 ή
664 2846 780 2938 πόρνη.
809 2846 1076 2936 ἐκπεμφθέντων
1102 2848 1163 2937 γὰρ
1190 2844 1253 2917 ὑπὸ
1272 2844 1380 2938 Ἰησοῦ
1399 2854 1458 2918 τοῦ
1485 2852 1582 2941 Ναυὴ

270 3055 279 3064 .
360 2961 583 3033 κατασκόπου
610 2959 658 3044 εἰς
680 2959 821 3051 Ἱεριχώ,
859 2960 940 3050 ἐγνω
975 2961 994 3034 ὁ
1022 2965 1179 3050 βασιλεὺς
1212 2971 1268 3055 τῆς
1301 2971 1361 3056 γῆς
1389 2964 1442 3034 ὅτι
1483 2963 1583 3056 ήκασι

359 3086 630 3149 κατασκοπεῦσαι
665 3081 723 3171 τὴν
757 3078 867 3168 χώραν
902 3076 1011 3148 αὗτών
1047 3081 1106 3148 καί
1136 3078 1324 3174 ἐξέπεμψεν
1351 3076 1476 3169 ι’ίνδρας
1505 3083 1585 3162 τοὺς

426 3319 461 3373 X.
486 3322 510 3373 2.
532 3335 567 3386 ην
584 3316 641 3387 (ἣν)
661 3315 687 3372 A
708 3320 735 3371 et
753 3315 824 3385 εδδ,
852 3333 903 3396 orn²
926 3315 948 3373 I.
992 3333 1065 3386 seqq.
1084 3317 1152 3384 εδδ,
1175 3335 1216 3370 πα
1240 3314 1303 3388 ’(ἰιι
1321 3319 1443 3388 margine
1461 3309 1498 3373 ίσ.
1515 3312 1584 3404 γάρ)

361 3391 385 3442 3.
418 3390 473 3441 τοῦ
500 3387 528 3454 Ι,
556 3401 606 3439 om.
636 3386 667 3440 A.
696 3392 724 3438 et
757 3384 831 3452 εδδ,
866 3388 948 3439 otram
990 3385 1049 3438 Iun.
1068 3388 1096 3438 et
1109 3396 1185 3455 seqq.
1198 3335 1256 3439 eir.
1356 3391 1394 3441 16.
1419 3382 1584 3456 ἑτερογνω·

358 3455 454 3523 Bryon.
537 3457 561 3507 5.
579 3451 858 3532 ἐξαριθμηθήσεται.
875 3469 947 3505 men·
989 3463 1082 3518 μονος
1099 3453 1113 3505 Ι
1130 3458 1158 3506 et
1175 3453 1248 3519 εδδ,
1268 3470 1472 3522 ετερογνωμος
1489 3455 1514 3508 Α
1532 3454 1589 3521 (se--

359 3521 423 3575 dore
440 3517 669 3592 ἐξαριθμήσεται
691 3519 788 3574 Olenoi
809 3519 848 3572 εδ.
866 3520 903 3573 Π.
922 3522 949 3572 et
991 3519 1107 3573 cundum
1119 3521 1173 3573 Iao.
1186 3524 1213 3574 et
1224 3520 1362 3588 Tieohdf.)‚
1377 3537 1585 3592 ετερογνωμου

358 3589 463 3642 Russel.
484 3620 514 3628 -
534 3586 657 3657 ἐξήγαγε
676 3585 708 3642 δὲ
726 3587 771 3655 (of.
787 3587 873 3654 LXX)
890 3587 905 3639 Ι
922 3590 949 3640 et
990 3589 1015 3640 A
1033 3588 1190 3655 (seeundum
1211 3589 1396 3656 Vansittart.),
1421 3605 1585 3658 ετερογνω-

358 3659 469 3725 Bryon„
498 3658 641 3725 Ιεξηγαγεν
663 3655 688 3708 A
713 3658 740 3708 et
764 3655 864 3724 priores
889 3653 948 3708 edd.
989 3654 1132 3775 μοςᾶίοτί.
1145 3671 1211 3708 corr.
1228 3657 1256 3709 in
1272 3656 1516 3727 ετερογνωμουΑ
1533 3658 1585 3723 (ee-

359 3727 383 3778 8.
402 3739 574 3778 επιστευσεν
590 3724 622 3776 A.
711 3726 749 3775 10.
768 3725 852 3792 γήρει
872 3720 887 3775 Ι
904 3709 949 3791 (τί.
991 3737 1042 3776 cun
1062 3723 1239 3792 umLightf.).
1273 3726 1312 3777 16.
1328 3727 1365 3777 11.
1378 3721 1420 3786 εἰς
1429 3729 1552 3791 σημεῖον
1561 3724 1584 3790 Ι,

359 3807 382 3845 ε.
398 3795 429 3845 63
448 3794 575 3861 γήραος),
592 3807 667 3859 γήρα
679 3793 776 3863 (γήρᾳ)
795 3790 819 3843 Α
837 3791 864 3843 et
881 3789 950 3852 edd„
992 3805 1036 3852 εις
1058 3806 1147 3844 τουτο
1169 3807 1291 3860 σημειον
1311 3792 1336 3845 A
1358 3793 1385 3844 et
1406 3790 1478 3858 εδδ,
1501 3791 1584 3845 etiem

359 3859 441 3913 etiem
453 3859 638 3926 Bryon-ro
651 3860 699 3910 θῶ
714 3857 949 3929 (θτῷΑείοδδ,
991 3857 1086 3926 Bryon.
1208 3862 1245 3914 19.
1269 3865 1359 3928 κρῖμα
1376 3858 1399 3911 Ι.
1418 3889 1452 3897 -
1474 3875 1584 3928 σημιω-

359 3943 408 3980 om.
427 3921 637 3988 1.-είςΙοί
655 3925 950 3993 Bryon.‚rroert
992 3939 1039 3979 σιν
1055 3925 1088 3978 A.

359 3993 417 4048 εδδ.
455 3993 545 4048 riores.
617 3995 656 4046 11.
675 4009 788 4061 οραιων
804 3941 835 4046 A.
1058 3992 1120 4047 XII.
1139 3995 1179 4046 21.
1199 3994 1277 4062 ρααβ
1292 4011 1309 4076 η
1326 4009 1420 4063 πορνη
1437 3992 1461 4046 A
1478 3995 1505 4046 et
1523 3992 1583 4046 εδδ.

359 4128 472 4196 Ιδςδλί,)
491 4129 505 4180 Ι
522 4131 550 4181 ε1
574 4127 633 4206 εδδ.
651 4058 951 4196 ωείέοιδεάλθάίθιήσῃήις
990 4059 1035 4181 ieci
1051 4060 1137 4195 iile?
1157 4049 1585 4208 Μ’)’2ίέαένίπέμάθῑίίέέίῖνμίιέί

358 4196 555 4264 Αίεεοσοδοω
567 4194 705 4262 Treohdf.),
722 4195 950 4264 καυθεισηςωε·
991 4145 1059 4260 odii,
1077 4197 1289 4262 εκπεφθεντων
1310 4194 1342 4247 A.
1361 4225 1395 4234 -
1422 4187 1514 4262 Ἰησου
1530 4198 1587 4249 τοῦ

358 4265 411 4318 luit
428 4264 501 4330 Iure,
525 4264 760 4329 κατακαυθείσης
776 4262 856 4330 Feli,
879 4262 950 4315 idem
991 4263 1074 4326 Ναυῖ,
1085 4263 1106 4326 I,
1120 4263 1179 4315 Iun.
1191 4263 1236 4326 eL,
1250 4262 1354 4330 Bryon,
1369 4277 1453 4330 ιησου
1465 4279 1519 4316 του
1531 4280 1584 4317 του

358 4332 402 4385 rel
419 4333 508 4400 potius
526 4348 540 4384 ο
559 4331 624 4384 Gen.
641 4330 719 4392 XIX,
739 4333 771 4381 25
788 4345 951 4398 καταστρα-
993 4347 1063 4396 ναυη
1075 4330 1108 4396 A,
1120 4331 1203 4384 Wott.
1215 4332 1243 4383 et
1254 4345 1327 4398 seqq.
1340 4327 1406 4398 edd.;
1424 4329 1488 4398 quie
1509 4330 1583 4383 LXX

359 4399 587 4466 φείσηςΒοὶεἰαε.
629 4400 669 4450 13.
682 4399 752 4451 θιου
763 4397 796 4450 A.
810 4428 830 4434 -
845 4391 951 4467 πράδη-
992 4396 1124 4464 Ioe.VI,6
1142 4396 1429 4452 secundumood.Vet.
1445 4389 1584 4465 Ἰησοῦςδ

359 4469 412 4520 λον
428 4469 552 4534 ποιήσας
568 4465 600 4518 A.
619 4465 672 4518 Iet
685 4464 744 4518 edd.
759 4465 887 4532 plerique,
899 4466 950 4519 καί
990 4469 1044 4517 τοῦ
1060 4466 1153 4533 Ναυῆ,
1172 4464 1317 4518 seeundum
1335 4465 1391 4518 οοδ.
1410 4465 1453 4518 Al.
1480 4466 1586 4532 Ιησοῦς

358 4535 529 4602 praemittere
540 4531 627 4587 roluIt
636 4532 717 4600 Bote,
725 4525 873 4600 πρόδηλον
884 4548 949 4586 τισι-
989 4526 1053 4594 υίδς
1069 4533 1153 4601 Ναυὴ
1170 4532 1306 4601 praebent,
1325 4532 1379 4586 Iao.
1398 4533 1512 4586 ooniooit
1530 4523 1584 4599 Ἰη-

359 4606 485 4669 ήσαντος
506 4605 561 4654 τοῦ
581 4601 685 4668 κυρίου
711 4599 843 4678 corrigere
864 4601 948 4654 Wott.
990 4597 1280 4668 σοῦυίοῦτοῦΝαυῆ.
1319 4605 1360 4655 22.
1375 4598 1583 4669 ἐίςΙείΒεγοιι.,

361 4672 401 4722 14.
419 4668 461 4730 εἰς
478 4669 501 4735 Ι,
521 4683 558 4721 ετι
574 4667 599 4721 A
617 4668 644 4721 et
661 4666 733 4733 εδδ,
754 4671 835 4720 etiam
853 4667 947 4735 Bryon.
991 4683 1033 4728 εις
1053 4683 1107 4733 την
1121 4667 1146 4720 Α
1169 4670 1197 4720 et
1218 4667 1276 4721 edd.
1300 4668 1411 4736 priores.
1432 4699 1467 4707 —
1485 4670 1582 4737 ἥκασι,

362 4739 402 4790 15.
420 4738 536 4804 τιθησιν
552 4734 585 4787 A.
602 4763 637 4774 -
654 4728 710 4804 γάρ
728 4732 761 4786 A.
778 4733 801 4800 I,
819 4733 901 4787 Wott.
920 4737 948 4788 et
990 4735 1024 4787 oi.
1040 4733 1123 4788 More.
1141 4735 1218 4800 VIII,
1237 4739 1260 4788 3.
1298 4739 1338 4788 23.
1360 4733 1537 4790 αδτῶνΑ.Ι
1556 4737 1583 4788 ot

467 4101 474 4114 .
502 4064 541 4114 12.
567 4061 686 4126 κριθείσ
