3402 5118
491 278 611 328 EXTRA
632 279 794 330 CANONEM
815 281 1009 332 REGEPTUM·
1339 287 1363 334 V

142 461 364 551 apostolorum
398 460 583 528 nominibus
612 462 654 529 ab
680 462 858 529 Ebionaeis
886 464 1161 551 supponebantur.
1176 465 1197 544 1)
1231 467 1362 532 omnino

142 565 263 664 Ebion,
284 573 503 662 πολύμορφον
525 570 698 663 περάπτων
719 579 761 645 ab
782 579 969 668 Epiphanio
992 580 1102 658 fflaer.
1125 580 1236 665 XXX,
1253 587 1282 662 1)
1304 605 1361 670 ap·

129 697 293 785 ‚pellatus
314 697 424 762 varios
446 695 546 761 libros
569 695 735 782 produxit,
756 695 876 762 Elxasi
909 719 1034 784 quoque
1056 696 1174 763 librum
1196 697 1362 785 propheti-

142 835 220 879 cum
242 821 273 878 et
294 812 438 878 Hermae
458 813 629 878 Pastorem
646 813 704 902 ¹(cf.
726 812 821 877 huius
844 815 953 901 operis
975 814 1086 879 fascic.
1108 813 1178 897 ΠΙ).
1204 813 1239 879 id
1259 814 1362 880 solum

142 933 228 996 inter
247 929 432 995 Ebionaeos
455 928 635 1012 constabat,
654 938 689 993 ut
710 929 868 994 Matthaei
887 929 996 1017 aliquo
1015 930 1185 1017 evangelio
1200 932 1251 996 usi
1265 930 1362 1019 Pauli

143 1046 299 1134 epistulas
315 1053 348 1111 et
361 1045 447 1111 Acta
468 1045 687 1133 apostolorum
706 1055 903 1133 respuerent.
919 1046 976 1112 sed
995 1049 1028 1111 in
1043 1047 1150 1133 ipsum
1166 1046 1361 1114 catholicum

144 1165 230 1230 Novi
253 1151 454 1229 Testamenti
475 1183 647 1244 canonem,
669 1163 725 1248 qui
754 1162 844 1227 Petri
870 1171 1114 1250 ceterorumque
1141 1164 1361 1251 apostolorum

144 1289 176 1354 ct
208 1279 303 1344 Pauli
335 1279 541 1345 concordiam
575 1281 759 1367 supposuit,
794 1279 907 1345 Iacobi
938 1279 1077 1366 epistula
1103 1281 1245 1364 transiit,
1277 1304 1361 1368 quae

143 1395 240 1462 Pauli
266 1396 447 1461 doctrinam
474 1396 688 1483 impugnavit.
724 1418 789 1461 non
814 1397 943 1480 mirum,
964 1397 1061 1462 etiam
1082 1395 1226 1463 Hermae
1246 1397 1360 1473 Pasto-

144 1537 224 1596 rem,
247 1513 396 1600 quamvis
421 1512 682 1595 iudainantem,
672 1535 706 1576 rn
721 1513 855 1600 antiqua
871 1512 1008 1579 ecclesia
1022 1512 1119 1579 valde
1135 1522 1359 1638 aestumatum,
1385 1544 1388 1549 ·

141 1651 183 1695 ne
205 1629 431 1696 Hebraeorum
453 1629 583 1715 quidem
606 1628 811 1715 evangelium
833 1637 1052 1717 contemptum
1074 1651 1155 1695 esse.

225 1746 384 1812 Iudaismi
406 1747 557 1811 acerrimi
579 1745 759 1811 adversarii
781 1755 874 1811 erant
897 1745 1064 1824 Gnostici,
1090 1769 1228 1835 quorum
1249 1746 1359 1812 turbu·
1400 1735 1402 1738 ⁵

144 1863 250 1928 lentos
271 1864 411 1950 impetus
434 1862 576 1948 quodam
593 1862 690 1927 modo
705 1862 871 1927 incohavit
883 1862 1057 1929 Barnabae
1075 1847 1223 1950 epistula,
1240 1865 1360 1950 etipsa

143 1979 185 2046 ab
208 1980 444 2067 antiquissimis
466 1978 623 2044 ecclesiae
645 1978 858 2066 scriptoribus
881 1981 993 2065 magni
1015 1987 1206 2059 aestumata.
1233 1981 1288 2067 qui
1311 2002 1358 2046 se-

143 2097 209 2162 cuti
232 2105 306 2161 sunt
329 2095 478 2162 Gnostici
499 2095 668 2182 proprium
692 2094 754 2161 sibi
777 2096 913 2182 quisque
933 2095 1020 2162 Novi
1042 2095 1247 2162 Testamenti
1268 2095 1358 2161 codi-

142 2237 213 2280 cem
236 2213 481 2294 constituerunt,
502 2213 550 2276 ita
571 2219 697 2276 tanturn
720 2213 971 2289 consentientes,
996 2221 1044 2290 ut,
1075 2221 1150 2298 post
1170 2212 1358 2279 Corinthum

142 2330 283 2418 quidem,
303 2328 445 2394 Paulum
471 2327 652 2414 apostolum
682 2329 814 2414 eiusque
845 2326 1001 2414 epistulas
1025 2329 1135 2414 magni
1152 2338 1357 2411 aestumave·
1406 2332 1408 2336 ’

141 2449 214 2513 rint.
239 2446 399 2510 Marcion
419 2467 457 2510 eo
480 2467 672 2531 progressus
695 2453 751 2525 est,
772 2452 807 2509 ut
830 2442 934 2508 solum
948 2443 1087 2510 Paulum
1109 2467 1221 2512 verum
1237 2444 1358 2511 Christi
1447 2469 1450 2484 ·

142 2563 325 2652 apostolum
341 2562 519 2647 agnoverit,
533 2561 601 2625 XII
616 2561 781 2648 apostolos
803 2569 970 2648 tamquam
984 2569 1183 2647 protectores
1198 2561 1357 2627 Iudaismi

142 2704 162 2746 a
184 2679 362 2745 christiano
385 2677 497 2744 codice
515 2699 626 2743 arcere
647 2677 795 2743 voluerit.
816 2679 863 2742 ita
886 2677 1032 2743 famosus
1054 2677 1230 2744 Marcionis
1253 2679 1358 2744 codex

140 2797 227 2863 Novi
255 2796 457 2860 Testamenti
483 2794 673 2860 constitutus
701 2802 733 2859 et
757 2794 934 2880 castigatus
962 2802 1019 2859 est
1057 2796 1155 2859 etiam
1183 2797 1260 2861 novi
1281 2795 1357 2861 libri

146 2912 303 3001 apostolis
327 2933 502 2999 eorumque
525 2909 692 2997 discipulis
716 2909 982 2997 supponebantur
1004 2909 1212 2992 aGnosticis‚
1234 2913 1289 3000 qui
1303 2935 1356 2979 nc-

143 3052 204 3116 quc
223 3031 333 3096 statim
347 3051 451 3117 neque
475 3027 594 3116 ubique
608 3027 651 3092 ab
666 3028 802 3114 antiqua
817 3026 955 3092 ecclesia
968 3027 1137 3115 reprobati
1154 3038 1237 3095 sunt.
1260 3053 1355 3096 cvan-

142 3146 262 3234 gelium
287 3145 463 3210 secundum
485 3142 677 3230 Aegyptios,
697 3143 856 3208 Matthiae
878 3143 1082 3224 traditiones,
1110 3145 1226 3230 quibus
1249 3146 1356 3212 catho·
1416 3179 1422 3188 ·

142 3263 195 3329 lici
218 3284 346 3351 quoque
369 3263 544 3347 scriptores
564 3261 615 3326 usi
638 3270 720 3341 sunt,
741 3261 874 3347 propius
897 3267 983 3325 certe
1005 3262 1182 3326 accessisse
1203 3262 1246 3326 ad
1269 3261 1355 3328 Gno-

143 3382 299 3446 sticorum
329 3379 504 3444 sententias
537 3385 671 3446 constat
711 3378 739 3442 si
764 3359 882 3464 ipsum¹
901 3379 1033 3442 canonis
1069 3380 1171 3444 nostri
1207 3388 1356 3466 quartum

142 3496 347 3584 evangelium
371 3518 390 3560 a
414 3493 642 3560 Gnosticorum
665 3493 812 3560 doctrina
834 3516 899 3558 non
920 3494 1033 3581 procul
1055 3493 1156 3572 abest,
1185 3497 1283 3559 etiam
1304 3517 1357 3560 ex·

142 3623 191 3680 tra
212 3614 300 3680 Novi
322 3611 513 3677 Testimenti
531 3632 686 3676 canonem
708 3619 875 3697 receptum
897 3619 1052 3696 cognatos
1077 3609 1178 3676 libros
1202 3613 1376 3699 antiquis·¹

142 3732 245 3796 simae
267 3727 424 3794 ecclesiae
445 3727 499 3792 hic
520 3726 587 3792 illic
607 3726 753 3792 nonnihil
775 3726 937 3812 placuisse
958 3749 1052 3793 nemo
1075 3727 1254 3794 mirabitur.

222 3846 312 3911 Inter
333 3844 534 3910 Iudaismum
556 3852 588 3909 et
612 3843 868 3909 Gnosticismum
890 3844 1100 3909 christianum
1128 3844 1269 3911 mediam
1290 3847 1357 3912 fere
1399 3877 1401 3881 ·

140 3966 229 4029 viam
252 3962 413 4028 catholica
433 3960 571 4026 ecclesia
585 3961 733 4047 ingressa
749 3970 806 4026 est.
842 3963 909 4026 iam
924 3961 1101 4028 Clementis
1121 3961 1259 4028 Romani
1274 3985 1357 4049 quae

141 4163 204 4226 νλας
222 4156 347 4230 ἔμπλεα,
371 4158 413 4224 ὡς
429 4162 480 4216 καὶ
497 4164 553 4214 τοῦ·
572 4161 711 4215 Παύλου
734 4159 863 4218 ἐνταῦθα
885 4163 1126 4230 κατηγοροῦντεςζ
1139 4159 1193 4217 οὐκ
1210 4159 1357 4232 αἰσχύναν·

140 4265 187 4302 ται
205 4249 268 4302 κτλ.

208 4334 235 4399 1)
253 4330 421 4402 Epiphanius
438 4331 520 4386 Haer.
537 4331 625 4396 XXX,
648 4337 693 4388 23·
720 4329 829 4386 τῶνδὲ
847 4320 1021 4386 ἀποστόλων
1041 4324 1079 4384 τὰ
1096 4327 1228 4398 ὀνόματα
1244 4328 1289 4394 εἰς
1305 4333 1358 4400 τὴν

140 4435 199 4472 των
216 4408 409 4486 ἠπατημένων
420 4407 468 4470 ὑπ
485 4407 582 4479 αὐτῶν
593 4412 690 4472 πειθὼ
703 4419 910 4486 προσποιήτους
928 4412 1072 4487 δέχονται,
1090 4407 1214 4485 δῆθεν’
1196 4408 1254 4470 απὸ
1266 4430 1356 4485 προσ-

143 4493 224 4555 τόπου
247 4492 404 4571 Ἰακώβου
410 4503 461 4556 καὶ
479 4501 638 4556 Ματθαλου
655 4503 706 4556 καλ
727 4495 824 4556 αλλων
838 4503 992 4569 μαθητῶν
1012 4492 1093 4556 ἐν
1063 4503 1109 4564 οἱς
1124 4493 1356 4584 ὀνόμαοιυαλτὸ

142 4575 235 4652 ὄνομα
251 4575 391 4638 Ἰωάννου
407 4586 462 4638 τοῦ
483 4573 650 4638 ἀποστόλου
672 4581 931 4655 ἐγκαταλέγουσιν,
951 4577 1001 4639 ἵνα
1025 4578 1213 4655 πανταχόθεν
1234 4599 1357 4661 φυρατη

68 4669 70 4673 ‘
141 4658 294 4740 γένηται
278 4689 295 4737 η
311 4673 409 4724 αυτων
426 4664 521 4726 ἄνοια.
