3442 5116
655 289 879 338 rnaauuura,
1338 280 1377 341 87

164 469 314 556 Lagarde
342 470 524 556 (Reliquiae
550 471 629 534 iuris
652 469 863 536 ecclesiastici
885 473 1143 558 antiquissimae,
1171 472 1262 559 Lips.
1290 478 1377 542 1856.

164 611 195 674 p.
214 587 305 664 XLI)
328 595 360 652 et
377 587 504 651 Noltius
525 585 546 651 l.
569 585 589 663 l.

244 711 273 769 5.
317 706 397 771 illud
424 706 642 791 fragmentum
664 704 736 788 (X),
768 710 850 790 quod
872 704 1082 771 Iaeobsonius
1110 729 1127 770 e
1150 706 1262 771 codiee
1285 706 1376 771 ehar-

161 832 251 888 taeeo
266 821 482 888 bibliothecae
490 821 931 889 Caesareo-Vindobenensis
947 820 1048 888 edidit
1056 822 1236 908 (Lightfoot
1251 846 1281 909 p.
1292 830 1377 906 217),

162 939 225 1002 iam
253 939 380 1004 Noltius
402 939 423 1005 l.
444 937 464 1004 l.
493 938 576 1004 bene
597 940 766 1004 revocavit
788 937 831 1003 ad
859 937 1034 1004 Clementis
1060 939 1199 1004 Romani
1227 942 1289 1026 epi.
1334 941 1377 1005 ad

160 1054 332 1138 Iacobum,
356 1055 509 1121 Homiliis
541 1057 755 1142 praemissam
778 1078 804 1121 a
828 1059 899 1122 26
930 1055 981 1132 (cf.
1003 1054 1139 1122 Oeteler.
1167 1055 1259 1120 adh.
1282 1054 1314 1135 l.)
1345 1066 1377 1121 et

161 1171 333 1258 Epitomen
359 1171 495 1238 Coteler.
525 1194 551 1236 e.
577 1177 644 1238 145.
669 1177 739 1239 146.
768 1171 854 1236 addo
884 1171 1060 1257 Epitomen
1081 1172 1325 1237 Dresselianam
1349 1197 1375 1237 c.

163 1293 230 1355 145.
256 1294 323 1355 146.

241 1411 270 1472 6.
313 1404 356 1470 ad
379 1404 553 1470 Clementis
579 1405 718 1470 Romani
743 1403 899 1490 epistulas
928 1405 1025 1470 etiam
1050 1404 1131 1469 illud
1158 1407 1375 1492 fragmentum

160 1521 345 1600 (Iacobsoni
365 1521 477 1604 Vffl),
506 1520 589 1608 quod
611 1520 791 1586 Oetelerius
813 1520 855 1586 ad
879 1520 979 1587 Olem.
1000 1521 1143 1608 Recogn.
1164 1522 1190 1605 Ι,
1211 1528 1251 1590 24
1273 1523 1376 1587 edidit

159 1629 218 1715 (εἷς
237 1636 277 1701 τὸ
300 1632 398 1720 ἅγιον
418 1639 577 1719 πνεῦμα),
608 1660 673 1703 non
700 1638 906 1703 referendum
935 1660 1006 1703 esse
1033 1639 1176 1722 videtur,
1212 1640 1251 1704 ef.
1277 1641 1374 1704 etiam

159 1754 327 1840 Lightfoot
346 1754 367 1819 l.
391 1752 411 1818 l.
434 1778 465 1842 p.
486 1760 546 1824 219
560 1777 609 1841 sq.

239 1878 268 1937 7.
311 1871 477 1956 Lightfoot
505 1875 550 1958 (p.
572 1877 632 1941 218
649 1873 707 1959 sq.)
738 1874 860 1959 primus
885 1895 902 1937 e
923 1871 1008 1939 Bibl.
1030 1872 1123 1939 Bodl.
1145 1873 1224 1940 Mae.
1246 1874 1367 1942 Canon.

159 1986 211 2052 Gr.
228 1993 276 2054 56.
297 1987 351 2053 fol.
371 1993 427 2055 187
450 1988 552 2054 edidit
565 1989 783 2074 fragmentum
799 1981 998 2076 Κλήμεντος,
1023 1989 1110 2077 quod
1123 1991 1195 2078 ipse
1213 1991 1256 2056 ad
1272 1992 1370 2058 Clam.

157 2103 253 2170 Hom.
275 2103 319 2186 X,
342 2108 370 2170 3.
395 2112 414 2172 4
434 2107 614 2171 revocavit.
