3402 5118
347 353 541 403 cunueums
562 353 629 402 nur.
650 354 684 400 11.
708 350 812 402 carco
833 351 878 398 ur
899 329 1054 426 mucuns.
1226 346 1315 394 xmx

88 536 144 589 siae
163 551 226 589 vero
245 531 384 605 praesides
403 534 486 590 etiam
503 536 598 604 postea
615 534 766 603 appellatos
785 547 843 586 esse
854 526 1072 601 πρεσβυτέρους
1083 528 1117 597 (c.
1131 531 1162 581 11
1175 544 1201 597 p.
1213 530 1255 592 83,
1268 528 1311 595 11)

87 621 158 673 inter
176 635 270 674 omnes
291 622 405 674 constat.

157 703 232 772 prior
249 702 331 757 huius
349 703 477 758 homiliae
495 704 570 757 aetas
588 717 697 771 prorsus
714 700 859 755 interdicta
875 699 926 765 est,
946 696 971 752 si
987 711 1045 773 cam
1060 696 1183 750 Clemens
1200 695 1315 750 Alexan·

87 787 181 842 drinus
199 787 260 857 ipse
277 786 436 855 composuit.
470 786 524 840 iam
541 786 676 840 Henrieus
697 783 819 840 Dodwcll
841 783 978 852 (Dissertt.
998 782 1028 835 iu
1045 780 1197 843 Irenaeum,
1220 778 1315 835 Oxonii

90 875 155 926 1869
174 887 201 940 p.
223 873 267 936 54)
286 872 377 924 fassus
395 871 446 937 est,
462 869 592 924 nonnulla
609 869 669 938 „ita
684 868 783 924 referre
802 867 901 936 stylum
912 865 1082 934 Eclogarium
1095 865 1241 919 Clementis
1253 865 1315 919 Ale-
1423 899 1430 912 .

87 953 215 1008 rendrini
232 953 262 1007 in
279 953 509 1024 Hypotyposibus,
527 956 558 1007 ut
577 954 714 1022 praeterea
731 952 852 1022 suspicer
872 951 1006 1005 immistos
1028 949 1144 1016 invicem
1167 947 1233 1002 duos
1254 948 1329 1002 illos·

88 1037 298 1104 Clementes¹)“.
334 1037 453 1106 proiecto
471 1037 591 1106 speciosa
611 1037 772 1104 coniectura,
789 1051 857 1107 quae
868 1035 963 1089 multis
975 1033 1127 1088 rationibus
1144 1030 1315 1086 commenda·
1342 1032 1345 1036 '

88 1123 140 1175 tur.
183 1121 320 1185 Clemens,
349 1109 383 1175 dv
409 1122 483 1189 paci
504 1137 582 1184 τινες
602 1110 801 1188 Ἀλεξανδρέα,
825 1111 922 1189 ἕτεροι
945 1115 978 1173 δὲ
999 1109 1150 1185 Ἀθηναῖον
1171 1115 1314 1185 (Epiphan.

89 1205 171 1258 Haer.
188 1203 304 1266 XXXII,
322 1206 358 1270 6),
377 1205 401 1258 si
417 1204 541 1258 Athenis
554 1206 635 1258 uatus
653 1205 707 1266 est,
729 1203 843 1258 fortasse
866 1201 1021 1256 adolescens
1043 1203 1086 1257 vel
1107 1201 1212 1254 iuvenis
1234 1199 1316 1254 etiam

90 1287 216 1343 Corinthi
233 1287 381 1342 orationem
401 1305 504 1343 sacram
521 1286 627 1355 habuit,
649 1303 718 1356 quae
737 1289 823 1357 primo
841 1284 1039 1340 inscribebatur
1056 1285 1225 1354 Κλήμεντος
1242 1276 1320 1354 πρὸς.

90 1372 283 1442 Κορινθίους,
300 1373 394 1439 postea
412 1372 559 1426 Clementis
576 1371 691 1425 Romani
710 1371 842 1440 epistulae
863 1371 1002 1439 tamquam
1025 1370 1110 1424 altera
1132 1367 1248 1436 epistula
1270 1365 1316 1421 ad-

91 1455 148 1509 dita
174 1457 225 1508 est.
260 1455 429 1524 evangelium
450 1454 597 1509 secundum
618 1454 779 1524 Aegyptios,
801 1470 854 1523 quo
874 1456 966 1509 orator
988 1453 1044 1507 sine
1070 1453 1126 1507 ulla
1148 1451 1316 1506 dubitatione

91 1556 156 1593 usus
172 1555 232 1593 esse
249 1537 357 1592 videtur
373 1540 435 1608 (epi.
453 1538 491 1602 11,
509 1556 531 1593 e.
553 1543 583 1593 12
601 1556 628 1608 p.
642 1543 715 1604 79,ss
734 1541 793 1608 sq.),
812 1538 935 1593 Clemens
956 1536 1153 1592 Alexandrinus
1170 1536 1253 1589 etiam
1269 1551 1316 1604 po-

92 1625 149 1677 stea
167 1623 276 1691 saepius
293 1621 424 1687 laudavit,
441 1622 564 1691 quamvis
582 1639 599 1676 1
618 1622 753 1680 canonicis
771 1621 917 1694 evangeliis
929 1620 1087 1675 distinctum
1106 1620 1150 1689 (cf.
1162 1620 1245 1674 huius
1256 1637 1316 1689 ope·

92 1708 126 1760 ris
143 1706 236 1760 fascic.
254 1706 301 1761 IV.
320 1723 345 1775 p.
364 1709 415 1774 48).
450 1706 577 1761 homiliae
595 1706 710 1774 scriptor
728 1705 891 1760 catechistae
913 1721 1022 1760 munere
1045 1704 1209 1772 fungebatur
1231 1707 1264 1773 (c.
1285 1708 1315 1757 11

93 1806 118 1856 p.
136 1793 183 1852 83,
206 1791 234 1856 6)
261 1791 288 1843 et
309 1790 494 1859 philosophiae
521 1789 683 1844 christianae
706 1789 843 1844 studiosus
865 1791 923 1844 erat
946 1791 980 1857 (c.
1004 1795 1035 1844 19
1057 1793 1144 1858 p.84,
1165 1790 1214 1856 15).
1249 1804 1317 1857 quae

94 1889 113 1926 c.
133 1875 165 1926 14
182 1889 209 1942 p.
228 1863 274 1936 81,
293 1879 307 1926 5
326 1889 365 1941 sq.
384 1871 417 1926 de
440 1873 553 1927 ecclesia
578 1873 727 1942 spirituali,
750 1873 783 1928 de
802 1872 910 1927 Christo
932 1875 960 1926 et
977 1873 1090 1927 ecelesia
1108 1873 1248 1940 disseruit,
1266 1875 1317 1928 ne·

96 1958 159 2010 mini
176 1956 265 2025 magis
283 1956 451 2023 conveniunt,
471 1972 552 2027 quam
564 1957 697 2010 Clementi
707 1955 889 2012 Alexandrini.
925 1956 1072 2012 coelibatus
1085 1957 1192 2025 quidem
1204 1957 1317 2011 nimium

95 2043 261 2095 aestumetur
277 2043 312 2108 (c.
333 2041 364 2092 12
382 2057 408 2108 p.
422 2043 463 2104 80,
478 2046 490 2094 1
505 2042 564 2108 ορ.)
603 2040 651 2094 sed
668 2042 736 2095 hanc
754 2041 915 2095 sententiam
927 2040 1091 2095 Clementem
1105 2039 1317 2095 Alexandrinum

95 2126 148 2179 iam
167 2119 262 2194 ἐντῷ
278 2122 348 2194 περὶ
366 2117 539 2195 ἐγκρατείας
556 2124 684 2193 (Paedag.
701 2125 738 2192 H,
758 2129 798 2190 10,
816 2129 849 2178 94
866 2140 893 2192 p.
912 2128 972 2191 226)
989 2124 1129 2193 mitigasse
1149 2125 1247 2178 mirum
1265 2139 1317 2178 non

96 2210 143 2262 est.
178 2208 222 2262 cui
239 2207 306 2260 haec
323 2207 476 2260 coniectura
494 2224 547 2261 non
564 2208 683 2276 placebit
699 2209 835 2263 meliorem
851 2209 983 2262 rationem
999 2206 1116 2261 indicere
1132 2207 1248 2274 debebit,
1264 2224 1317 2278 qua

97 2293 159 2346 haec
176 2291 288 2345 homilia
306 2289 438 2344 Clementi
454 2291 574 2345 Romano
592 2295 731 2361 tamquam
749 2293 835 2347 altera
852 2293 909 2346 eius
927 2292 1044 2360 epistula
1061 2291 1197 2360 adscripta
1214 2291 1258 2344 sit.

161 2374 310 2430 Clementis
327 2373 503 2428 Menandrist
521 2375 607 2430 oratio
626 2393 701 2431 sacra
719 2380 854 2446 superest:
873 2376 918 2439 τίς
936 2365 953 2430 ὁ
975 2368 1145 2443 σωζόμενος
1163 2371 1304 2438 niedseor
1310 2394 1318 2439 ;

98 2475 174 2527 quam
193 2475 255 2514 cum
272 2458 324 2512 hac
341 2457 453 2512 homilia
473 2474 625 2527 comparare
642 2457 1053 2532 111111.51111111111111(ἀγῶνος)
1069 2458 1188 2527 imagine
1205 2461 1317 2528 uterque

98 2541 219 2597 Clemens
236 2559 302 2596 usus
320 2543 362 2595 est
384 2542 531 2609 (Romanus
555 2544 602 2611 qui
624 2543 723 2598 dicitur
745 2545 774 2598 iu
796 2544 847 2613 epi.
864 2543 902 2606 H,
921 2559 942 2596 c.
962 2547 976 2596 1
996 2559 1022 2610 p.
1041 2546 1082 2610 14,
1100 2547 1115 2596 6
1134 2560 1183 2613 sq,
1201 2544 1316 2598 Alexan·

99 2625 188 2680 drinus
207 2632 229 2692 §-
248 2629 263 2679 3
285 2627 460 2694 11936111.)
495 2625 659 2695 baptismum
681 2629 794 2696 uterque
816 2630 906 2681 orator
927 2620 1148 2696 1ρρθΠ11111ὴν
1169 2631 1319 2698 σφραγῖδα

100 2709 190 2777 (Clem.
208 2709 283 2763 Rom
302 2709 354 2778 epi.
372 2710 409 2773 11,
427 2725 450 2765 c.
469 2715 484 2763 1
504 2726 531 2779 p.
550 2714 592 2778 15,
613 2714 635 2766 1.
657 2727 679 2764 c.
699 2715 714 2766 8
731 2727 757 2780 p.
778 2713 872 2778 15,11.
896 2711 979 2766 Clem.
993 2713 1036 2766 Al.
1049 2714 1071 2780 ξ.
1086 2716 1119 2767 39
1131 2729 1158 2782 p.
1171 2716 1229 2774 951,
1247 2714 1271 2781 ξ.
1285 2716 1317 2767 43

99 2809 124 2861 p.
141 2796 210 2860 959).
247 2789 406 2862 ἐπίσκοποι
427 2796 455 2848 et
476 2794 674 2864 πρεσβύτεροι
697 2792 768 2864 apud
790 2795 934 2863 utrumque
958 2795 1122 2851 Clementem
1140 2797 1210 2851 idem
1228 2798 1319 2852 valent

101 2876 189 2942 (Clem.
208 2877 285 2930 Rom.
303 2877 354 2946 epi.
371 2877 409 2940 ΙΙ,
426 2894 447 2932 c.
462 2882 492 2934 11
510 2895 535 2947 p.
549 2879 590 2941 83,
610 2882 648 2932 11.
667 2882 713 2950 22,
727 2877 810 2932 Clem.
823 2878 898 2932 Alex.
913 2883 936 2945 ς.
949 2881 982 2933 42
999 2897 1025 2949 p.
1041 2883 1111 2948 959).
1147 2881 1228 2935 etiam
1240 2882 1319 2949 plura
1392 2889 1393 2892 ’

101 2960 256 3028 inutraque
275 2959 423 3014 Clementis
441 2961 561 3016 oratione
578 2977 656 3016 sacra
673 2961 773 3016 similia
790 2964 863 3017 sunt.

167 3178 192 3244 1)
212 3175 379 3230 Clementem
405 3177 547 3231 utrumne
572 3179 757 3247 permutatum
783 3193 841 3232 esse
862 3177 917 3232 iam
938 3179 1075 3259 monuip.
1093 3179 1204 3246 XXXI,
1221 3183 1275 3235 uet
1295 3184 1318 3235 2.

103 3178 271 3298 Anastasium
287 3242 446 3297 Sinaitum
438 3260 467 3297 111
506 3244 588 3312 odego
606 3262 631 3314 p.
644 3247 677 3300 22
695 3245 859 3300 Clementem
870 3246 1080 3301 Alexandrinum
1093 3247 1245 3302 confudisse
1258 3261 1318 3302 cum

104 3310 377 3448 &largentgqltomano
399 3311 503 3387 monuit
524 3311 596 3367 LA.
614 3312 756 3367 Fabricius
779 3313 931 3383 (Hippolyti
953 3331 1045 3384 opera,
1068 3315 1218 3383 Hamburgi
1246 3319 1318 3380 1116,
