3442 5116
474 350 523 399 in
547 313 753 400 commmos
773 347 841 402 τοι.
861 349 897 414 τι,
920 349 1027 402 12-14.
1318 337 1356 401 81

136 532 314 615 μισοῦντας
335 523 441 613 ῦμῶςί,
454 534 564 597 ταῦτα
583 527 666 610 Ἰὅταν
688 524 867 612 ἀκούσωσι,
898 526 1112 614 θαυμάζουσι
1136 527 1197 621 τήν
1217 524 1360 615 ῦπερβο-

137 643 195 736 λήν
216 650 270 736 τῆς
291 639 516 736 ἀγαθότητος·
539 643 619 714 ὅταν
639 644 677 714 δὲ
697 641 819 714 ῖδωσιυ
837 644 890 715 ὅτι
905 641 943 739 ού
960 641 1066 732 μόνον
1086 646 1164 726 τούς
1178 650 1359 732 μισοῦντας

137 757 197 830 οῦκ
213 756 406 850 ἀγαπῶμεν,
432 757 505 829 ἀλλ’
530 759 582 830 ὅτι
597 757 677 830 ούδέ
690 762 765 844 τοὺς
782 758 990 851 ἀγαπῶντας,
1012 765 1233 851 καταγελῶσιν
1247 759 1354 853 ήμῶν,

136 879 193 946 καί
214 881 465 970 βλασφημεῖται
486 878 523 947 τὸ
549 873 667 965 ῦνομα.

99 1007 112 1056 5
163 1001 165 1010 '
218 999 309 1067 XIV.
331 993 441 1076 Ὥστε,
460 991 615 1088 ἀδελφοί,
639 1001 817 1077 ποιοῦντες
829 997 868 1065 τὸ
886 995 1023 1087 θέλημα
1045 975 1105 1064 τοῦ
1123 996 1251 1085 πατρὸς
1263 993 1359 1088 ήμῶν
1400 1021 1404 1028 ’

136 1118 220 1180 θεοῦ
232 1111 392 1199 ἐσόμεθα
406 1111 443 1180 ἐκ
456 1117 515 1204 τής
535 1109 711 1202 ἐκκλησίας
728 1118 790 1202 τῆς
809 1107 943 1206 πρώτης
965 1119 1026 1201 τῆς
1047 1118 1279 1205 πνευματικῆς,
1304 1117 1359 1204 τῆς

136 1229 202 1318 πρὸ
223 1227 318 1322 ήλίου
340 1229 397 1298 καί
418 1226 554 1321 σελήνης
581 1229 785 1320 ἐκτισμένης·
814 1229 873 1299 ἐὰν
901 1229 938 1298 δέ
957 1231 999 1321 μή
1021 1227 1212 1322 ποιήσωμεν
1232 1231 1270 1300 τὸ
1294 1228 1359 1298 θέ-

136 1347 225 1437 λημα
246 1343 380 1436 κυρίου,
411 1344 560 1432 ἐσόμεθα
586 1346 623 1415 ἐκ
648 1351 705 1438 τῆς
731 1353 861 1439 γραφῆς
884 1351 945 1439 τῆς
971 1345 1128 1438 λεγούσης
1148 1343 1316 1439 ,Ἕγενήθη
1339 1338 1413 1432 (iffi
1426 1337 1525 1438 Ῡχξῐῑζλᾷ

136 1455 230 1544 οἶκός
258 1485 325 1549 μου
353 1465 519 1556 σπήλαιον
548 1466 693 1555 λῃστῶν.
727 1462 811 1533 ὥστε
844 1457 903 1533 οῦν
929 1461 1179 1550 αῖρετιοώμεθα
1204 1460 1276 1538 ἀπὸ
1301 1469 1360 1557 τῆς

100 1595 128 1644 ιο
137 1577 313 1670 ἐκκλησίας
334 1586 401 1673 Ιτῆς
429 1586 510 1673 ζωής
535 1573 635 1666 εἶναι,
671 1584 726 1648 λ’να
755 1586 931 1667 σωθῶμεν.
968 1577 1027 1649 οῦκ
1056 1576 1174 1666 οῖομαι
1209 1581 1247 1650 δὲ
1273 1579 1360 1668 ὑμεῖς

137 1694 277 1785 ἀγνοεῖν,
302 1695 355 1766 ὅτι
370 1695 529 1789 ἐκκλησία
545 1698 632 1781 ζῶσα
647 1677 744 1780 σῶμά
760 1697 827 1766 ἐστι
844 1702 1001 1788 Χριστοῦ.
1024 1697 1113 1786 λέγει
1133 1699 1194 1786 γὰρ
1210 1695 1230 1790 ή
1246 1703 1358 1790 γραφή
1393 1722 1395 1727 ·

136 1811 321 1905 ,Ἐποίησεν
343 1811 361 1884 ὁ
383 1816 467 1896 θεὸς
487 1815 543 1884 τὸν
565 1809 750 1904 ἀνθρωπον
772 1810 871 1903 ἀρσεν
885 1814 942 1884 καὶ
962 1820 1067 1906 θήλει,
1088 1815 1126 1884 τὸ
1149 1811 1248 1904 ἀρσεν
1269 1815 1356 1885 ἐστίν
1376 1843 1429 1886 een.
1443 1843 1461 1892 1,
1476 1844 1509 1884 οι.

137 1929 154 2000 ὁ
175 1927 332 2019 Χριστός,
360 1931 398 2000 τὸ
420 1929 549 2024 θήλοή
572 1928 735 2021 ἐκκλησία.
764 1932 822 2000 καὶ
848 1931 899 2002 ὅτι
923 1932 964 2000 τά
991 1930 1110 2018 βιβλία
1136 1932 1193 2000 καὶ
1218 1929 1250 2000 οῖ
1273 1928 1359 2002 ἀπύ-

138 2049 253 2117 στολοι
271 2049 332 2140 τήν
353 2033 529 2139 ἐκκλησίαν
551 2044 589 2118 ού
613 2025 670 2117 νῦν
690 2041 791 2137 εἶναι,
818 2045 905 2118 ἀλλά
925 2044 1061 2119 ἀνωθεν
1083 2059 1125 2135 (..
1146 2060 1198 2133 ..“).
1227 2042 1267 2141 ήν
1296 2052 1358 2138 γάρ

96 2163 351 2259 15πνενματική,
375 2161 421 2248 ῶς
441 2166 498 2235 καί
520 2164 538 2236 ὃ
558 2162 684 2258 Ἰησοῦς
704 2161 807 2258 ήμῶν,
839 2161 1040 2257 ἐφανερώθη
1067 2165 1103 2234 δέ
1131 2161 1183 2234 ἐπ’
1215 2165 1360 2250 ἐσχάτων

137 2289 202 2351 τῶν
226 2279 373 2375 ἡμερῶν,
410 2286 464 2352 ἵνα
496 2279 586 2375 ἡμᾶς
612 2280 710 2375 σώση,
737 2279 757 2374 ή
786 2279 944 2372 ἐκκλησία
975 2282 1012 2351 δέ
1040 2282 1244 2374 πνευματική
1275 2277 1359 2353 οὖσα

139 2400 331 2492 ἐφανερώθη
353 2399 390 2468 ἐν
409 2405 450 2492 τῇ
470 2399 568 2486 σαρκί
589 2406 754 2494 Χριστοῦ,
780 2403 928 2491 δηλοῦσα
948 2396 1116 2491 ήμῖν,’ὅτι
1131 2399 1188 2470 ἐάν
1201 2427 1252 2481 τις
1266 2397 1359 2490 ήμῶν

138 2515 262 2609 τηρήσῃ
285 2513 386 2610 αὐτήν
410 2516 443 2585 ἐν
464 2523 504 2610 τῇ
525 2517 622 2605 σαρκί
641 2517 696 2585 καί
716 2517 759 2609 μή
783 2507 928 2609 φθείρη,
956 2513 1174 2610 ἀπολήψεται
1202 2513 1303 2609 αύτήν
1324 2517 1360 2587 ἐν

138 2641 184 2725 τηῖ
206 2632 371 2722 πνεύματι
391 2641 438 2724 τηῖ
460 2631 556 2724 ἀγίηι.
578 2632 598 2728 ή
620 2635 681 2723 γὰρ
702 2635 788 2724 σὰρξ
806 2633 887 2725 αῦτη
904 2629 1082 2715 ἀντίτοπός
1101 2634 1171 2704 ἐστι
1185 2641 1245 2704 τοῦ
1258 2632 1360 2704 πνεύ-

102 2759 252 2838 λθματος.
282 2747 390 2832 οὐδεὶς
416 2743 475 2818 οῦν
501 2751 540 2822 τὸ
567 2747 747 2821 ἀντίτυπον
768 2749 917 2843 φθείρας
936 2752 974 2821 τὸ
1001 2747 1199 2834 αύθεντικὸν
1228 2749 1379 2844 ἀπολή-Ι

138 2883 251 2963 ψεται.
273 2867 339 2956 ἀρα
360 2861 418 2937 οῦν
439 2878 535 2938 τοῦτο
557 2866 661 2956 λέγει,
696 2864 857 2961 ἀδελφοί·
883 2864 1045 2960 τηρήσατε
1069 2870 1128 2961 τήν
1153 2866 1275 2959 σάρκιι,
1305 2871 1360 2937 ἵνα

137 2997 195 3056 τοῦ
220 2982 652 3075 πνεύματοςμεταλάβητε.
682 2981 712 3052 εί
740 2983 777 3052 δέ
799 2983 938 3073 λέγομεν
969 2978 1055 3054 εἶναι
1081 2987 1140 3079 τήν
1168 2983 1276 3076 οάρκα
1301 2987 1361 3078 τήν

139 3102 317 3194 ἐκκλησίαν
338 3103 394 3174 καί
414 3105 452 3171 τὸ
475 3109 606 3189 πνεῦμα
627 3100 786 3189 Χριστόν,
812 3096 878 3188 ἀρα
901 3095 959 3172 οῦν
980 3099 999 3171 ὃ
1022 3101 1163 3192 ὑβρίσας
1179 3104 1238 3196 τήν
1253 3101 1361 3194 σάρκα

138 3219 250 3308 ῦβρισε
269 3222 331 3310 τήν
353 3219 536 3311 ἐκκλησίαν.
559 3217 578 3289 ὃ
597 3225 748 3300 τοιοῦτος
770 3213 830 3289 οῦν
851 3215 889 3290 οῦ
917 3217 1150 3314 μεταλήψεται
1174 3228 1233 3289 τοῦ
1261 3219 1361 3290 πνεύ-

103 3351 131 3402 25
139 3365 253 3428 ματος,
277 3337 296 3406 ὅ
318 3335 445 3406 ἐστινὸ
468 3334 623 3425 Χριστός.
652 3334 814 3428 τοσαύτην
836 3312 1020 3430 δύναταιιή
1043 3338 1129 3425 σὰρξ
1155 3337 1235 3429 αῦτη
1259 3365 1362 3425 μετα-

88 3489 91 3495 ·
139 3459 252 3544 λαβεῖν
274 3455 360 3547 ζωήν
380 3454 437 3523 καί
452 3450 659 3547 ἀφθαρσίαν,
682 3455 906 3545 κολληθέντες
921 3451 1003 3547 αὐτῇ
1021 3461 1081 3522 τοῦ
1095 3451 1283 3542 πνεύματος
1302 3462 1362 3526 τοῦ

140 3571 247 3662 ἁγίου.
269 3567 345 3640 οῦτε
367 3571 508 3656 ἐξειπεῖν
528 3598 579 3652 τις
601 3570 737 3642 δύναται
759 3567 835 3641 οῦτε
855 3573 1000 3663 λαλῆσαι
1022 3564 1045 3639 ἀ
1066 3570 1245 3663 ἡτοίμασεν
1267 3571 1286 3642 ὃ
1306 3570 1363 3642 κύ-

207 3803 285 3860 xm.
305 3807 330 3859 1.
348 3791 390 3858 ἐτ’
406 3797 443 3858 ἐν
458 3802 482 3857 Ι.
532 3806 556 3857 2.
575 3790 617 3859 ἀν’
637 3799 673 3859 ἂν
689 3804 712 3858 1.
771 3803 884 3872 κεφαλή
900 3804 952 3872 τῆς
968 3797 1135 3880 ἐκκλησίας,
1157 3792 1246 3866 αὐτὸς
1263 3805 1363 3874 σωτήρ

199 3873 282 3952 inv.
300 3875 324 3926 6.
342 3877 365 3927 ’λ
384 3868 418 3926 ἐκ
434 3875 485 3940 τῆς
509 3866 663 3941 ἐκκλησίας
681 3875 731 3941 τῆς
771 3874 826 3951 ηοῦ
838 3870 1007 3953 σώματος.ι
1031 3873 1070 3923 12.
1083 3865 1170 3950 13ητά
1181 3864 1273 3938 ἄρσεν
1283 3867 1364 3926 ἐστίν

140 3938 729 4076 κκιωιηεικιιιοεσοι
770 3933 1363 4083 111νέιιίλιιέιινιιιλ

140 4077 204 4144 ΧΠ,
222 4079 254 4132 23
277 4076 414 4144 ἐκκλησία
435 4074 636 4140 πρωτοτόκων
658 4067 730 4130 ἀπο·
771 4084 822 4149 τῆς
837 4053 983 4149 γυύαικός,
1002 4075 1044 4143 ὣς
1060 4081 1110 4134 καὶ
1129 4070 1145 4134 ὁ
1161 4074 1294 4152 Χριστὸς
1315 4097 1364 4135 κε-

137 4141 354 4237 βέλθαμμέίωί
380 4137 414 4197 5⁹
435 4140 580 4210 θῦίαίθῖςι
651 4147 676 4196 8·
706 4147 731 4197 9·
773 4150 850 4217 φαλη
863 4152 915 4217 τῆς
926 4143 1088 4228 ἐκκλησίας,
1102 4147 1183 4202 eiiim
1196 4165 1220 4202 v.
1234 4151 1274 4202 32.
1323 4152 1362 4201 14.

119 4241 121 4248 ·
141 4222 166 4276 Ε
186 4219 435 4289 ενήθη-ληστῶν,
453 4217 609 4282 cf.Ier.VII‚
619 4223 647 4272 11
659 4219 732 4272 LXX
772 4220 790 4284 (.
801 4251 807 4268 .
818 4255 825 4268 .
836 4217 854 4283 .)
872 4215 964 4270 deesse
980 4215 1107 4270 videntur
1122 4216 1189 4269 ferez
1213 4215 1304 4284 φασίν
1321 4211 1363 4269 σί-

141 4308 162 4356 μ
194 4287 339 4356 σπήλαιον
349 4277 587 4354 ληστῶνὸοίκύς
600 4303 658 4354 μου
670 4287 733 4341 κτλ.
773 4285 850 4338 δατε.
873 4283 1022 4352 Bryennius
1045 4282 1271 4337 esententiarum
1294 4299 1363 4335 nexu

141 4354 241 4411 Matth.
257 4354 332 4417 XXI,
351 4357 382 4408 13
400 4347 483 4420 ὑμεῖς
500 4349 533 4407 δὲ
555 4344 646 4408 αὐτὸν
668 4345 733 4423 (τὸν
773 4352 896 4419 intellegi
913 4351 1017 4404 censuit
1034 4345 1116 4419 φασί,
1137 4343 1309 4404 διδάσκουσι
1320 4350 1364 4403 vel

143 4415 227 4478 ολκόν
239 4423 307 4490 μου)
325 4426 439 4476 ποιεῖτε
451 4422 594 4488 σπήλαιον
609 4422 732 4490 λῃστῶν.
774 4419 883 4484 similia,
902 4418 959 4472 sine
976 4418 1033 4472 ulla
1049 4420 1140 4473 textus
1161 4417 1267 4472 lacuna.
1321 4419 1361 4472 15.

145 4487 260 4546 11.ἐιικλ
281 4491 329 4543 σία
339 4491 419 4557 ζῶσα
429 4487 515 4569 σῶμά
525 4484 734 4558 ἐπιΧριστοῦ.
776 4487 818 4549 ὡς
833 4487 884 4540 καί
902 4485 918 4540 ὁ
936 4476 963 4539 'I
978 4488 1049 4548 σοῦς
1066 4473 1154 4555 ήμῶν,
1172 4486 1206 4538 cf.
1217 4501 1237 4537 α.
1254 4489 1307 4553 9η.
1322 4487 1363 4551 76,

144 4557 178 4612 ef.
195 4509 294 4625 (λαλλ,
314 4560 344 4610 18
362 4556 417 4636 μαί
439 4555 527 4618 αυτός
547 4551 629 4610 ἐστιν
649 4545 667 4626 ή
686 4573 734 4611 κε·
775 4557 799 4607 4.
854 4557 892 4609 19.
906 4505 1070 4616 ἀντίτυπος.
1083 4553 1116 4607 εἰ.
1130 4551 1202 4606 LXX
1215 4552 1296 4607 Hebr.
1314 4552 1362 4619 IX,

166 4626 220 4695 αλη
245 4627 300 4679 τοῦ
326 4639 471 4692 σωματος,
497 4626 547 4691 τῆς
571 4619 732 4692 ἐκκλησίας.
776 4625 816 4677 24.
836 4625 848 4673 1
868 4621 939 4674 Petr.
957 4620 1008 4683 ΠΙ,
1021 4624 1062 4674 21.
1121 4619 1161 4673 20.
1188 4625 1228 4675 21.
1252 4612 1363 4688 ἀπολή-

184 4693 211 4747 h.
223 4692 246 4756 Ι,
259 4695 300 4748 22,
314 4695 346 4745 23
363 4694 400 4760 τῇ
415 4686 561 4758 ἐκκλησία,
580 4679 641 4752 “nc
653 4688 734 4746 ἐστίν
774 4704 865 4759 ψεται
878 4689 893 4742 Ι
904 4687 1009 4757 (prius),
1027 4690 1118 4755 μεταλ
1136 4702 1226 4758 ψεται
1242 4688 1257 4741 Ι
1274 4689 1363 4753 (corr.)

144 4777 161 4815 τ
197 4764 282 4828 σῶμα
301 4751 398 4814 αὐτοῦ.
416 4759 448 4821 V,
460 4759 493 4810 23
510 4711 596 4812 κάίά
603 4759 735 4828 Χριστὸς
775 4760 803 4812 et
819 4756 915 4826 Bryen.
967 4760 1008 4812 27.
1031 4750 1101 4811 οὔτε
1129 4758 1243 4820 ξεινιεῖν
1258 4772 1303 4818 τις
1320 4755 1364 4808 di·

195 4845 375 4896 εποεκετιο,
390 4841 454 4885 Nov.
466 4841 576 4886 Τεεσιιι.
587 4849 674 4884 1:me
685 4850 813 4886 οικωσειι.
834 4850 907 4886 τινα.
919 4848 936 4884 1.
947 4850 988 4885 xio.
1001 4850 1029 4883 11.
1180 4842 1195 4892 (3
